%YAML 1.1
%TAG !u! tag:unity3d.com,2011:
--- !u!29 &1
OcclusionCullingSettings:
  m_ObjectHideFlags: 0
  serializedVersion: 2
  m_OcclusionBakeSettings:
    smallestOccluder: 5
    smallestHole: 0.25
    backfaceThreshold: 100
  m_SceneGUID: 00000000000000000000000000000000
  m_OcclusionCullingData: {fileID: 0}
--- !u!104 &2
RenderSettings:
  m_ObjectHideFlags: 0
  serializedVersion: 8
  m_Fog: 0
  m_FogColor: {r: 0.5, g: 0.5, b: 0.5, a: 1}
  m_FogMode: 3
  m_FogDensity: 0.01
  m_LinearFogStart: 0
  m_LinearFogEnd: 300
  m_AmbientSkyColor: {r: 0.1, g: 0.1, b: 0.1, a: 1}
  m_AmbientEquatorColor: {r: 0.114, g: 0.125, b: 0.133, a: 1}
  m_AmbientGroundColor: {r: 0.047, g: 0.043, b: 0.035, a: 1}
  m_AmbientIntensity: 1
  m_AmbientMode: 4
  m_SubtractiveShadowColor: {r: 0.42, g: 0.478, b: 0.627, a: 1}
  m_SkyboxMaterial: {fileID: 10304, guid: 0000000000000000f000000000000000, type: 0}
  m_HaloStrength: 0.5
  m_FlareStrength: 1
  m_FlareFadeSpeed: 3
  m_HaloTexture: {fileID: 0}
  m_SpotCookie: {fileID: 10001, guid: 0000000000000000e000000000000000, type: 0}
  m_DefaultReflectionMode: 0
  m_DefaultReflectionResolution: 128
  m_ReflectionBounces: 1
  m_ReflectionIntensity: 1
  m_CustomReflection: {fileID: 0}
  m_Sun: {fileID: 0}
  m_IndirectSpecularColor: {r: 0.44657898, g: 0.4964133, b: 0.5748178, a: 1}
--- !u!157 &3
LightmapSettings:
  m_ObjectHideFlags: 0
  serializedVersion: 11
  m_GIWorkflowMode: 0
  m_GISettings:
    serializedVersion: 2
    m_BounceScale: 1
    m_IndirectOutputScale: 1
    m_AlbedoBoost: 1
    m_TemporalCoherenceThreshold: 1
    m_EnvironmentLightingMode: 0
    m_EnableBakedLightmaps: 1
    m_EnableRealtimeLightmaps: 1
  m_LightmapEditorSettings:
    serializedVersion: 9
    m_Resolution: 2
    m_BakeResolution: 40
    m_TextureWidth: 1024
    m_TextureHeight: 1024
    m_AO: 0
    m_AOMaxDistance: 1
    m_CompAOExponent: 1
    m_CompAOExponentDirect: 0
    m_Padding: 2
    m_LightmapParameters: {fileID: 0}
    m_LightmapsBakeMode: 1
    m_TextureCompression: 1
    m_FinalGather: 0
    m_FinalGatherFiltering: 1
    m_FinalGatherRayCount: 256
    m_ReflectionCompression: 2
    m_MixedBakeMode: 2
    m_BakeBackend: 0
    m_PVRSampling: 1
    m_PVRDirectSampleCount: 32
    m_PVRSampleCount: 500
    m_PVRBounces: 2
    m_PVRFiltering: 0
    m_PVRFilteringMode: 1
    m_PVRCulling: 1
    m_PVRFilteringGaussRadiusDirect: 1
    m_PVRFilteringGaussRadiusIndirect: 5
    m_PVRFilteringGaussRadiusAO: 2
    m_PVRFilteringAtrousColorSigma: 1
    m_PVRFilteringAtrousNormalSigma: 1
    m_PVRFilteringAtrousPositionSigma: 1
  m_LightingDataAsset: {fileID: 0}
  m_UseShadowmask: 1
--- !u!196 &4
NavMeshSettings:
  serializedVersion: 2
  m_ObjectHideFlags: 0
  m_BuildSettings:
    serializedVersion: 2
    agentTypeID: 0
    agentRadius: 1.45
    agentHeight: 6.2
    agentSlope: 45
    agentClimb: 0.73
    ledgeDropHeight: 0
    maxJumpAcrossDistance: 0
    minRegionArea: 2
    manualCellSize: 0
    cellSize: 0.48333335
    manualTileSize: 0
    tileSize: 256
    accuratePlacement: 0
  m_NavMeshData: {fileID: 23800000, guid: b5cd83bf4cc3a414a908ff2587e47385, type: 2}
--- !u!1 &21043171
GameObject:
  m_ObjectHideFlags: 0
  m_PrefabParentObject: {fileID: 0}
  m_PrefabInternal: {fileID: 0}
  serializedVersion: 5
  m_Component:
  - component: {fileID: 21043172}
  m_Layer: 0
  m_Name: Spawn
  m_TagString: Untagged
  m_Icon: {fileID: -964228994112308473, guid: 0000000000000000d000000000000000, type: 0}
  m_NavMeshLayer: 0
  m_StaticEditorFlags: 0
  m_IsActive: 1
--- !u!4 &21043172
Transform:
  m_ObjectHideFlags: 0
  m_PrefabParentObject: {fileID: 0}
  m_PrefabInternal: {fileID: 0}
  m_GameObject: {fileID: 21043171}
  m_LocalRotation: {x: -0, y: -0, z: -0, w: 1}
  m_LocalPosition: {x: -72.155945, y: 21.016378, z: 83.59443}
  m_LocalScale: {x: 1, y: 1, z: 1}
  m_Children: []
  m_Father: {fileID: 24594357}
  m_RootOrder: 3
  m_LocalEulerAnglesHint: {x: 0, y: 0, z: 0}
--- !u!1 &24594356
GameObject:
  m_ObjectHideFlags: 0
  m_PrefabParentObject: {fileID: 0}
  m_PrefabInternal: {fileID: 0}
  serializedVersion: 5
  m_Component:
  - component: {fileID: 24594357}
  m_Layer: 0
  m_Name: SpawnPoints
  m_TagString: Untagged
  m_Icon: {fileID: 0}
  m_NavMeshLayer: 0
  m_StaticEditorFlags: 0
  m_IsActive: 1
--- !u!4 &24594357
Transform:
  m_ObjectHideFlags: 0
  m_PrefabParentObject: {fileID: 0}
  m_PrefabInternal: {fileID: 0}
  m_GameObject: {fileID: 24594356}
  m_LocalRotation: {x: 0, y: 0, z: 0, w: 1}
  m_LocalPosition: {x: -7.8440547, y: -7.3263793, z: -28.594427}
  m_LocalScale: {x: 1, y: 1, z: 1}
  m_Children:
  - {fileID: 1071548731}
  - {fileID: 1391363423}
  - {fileID: 254845523}
  - {fileID: 21043172}
  - {fileID: 1535564659}
  - {fileID: 938302928}
  - {fileID: 1156137668}
  - {fileID: 973865532}
  - {fileID: 33402712}
  - {fileID: 1890613474}
  - {fileID: 1035494518}
  m_Father: {fileID: 0}
  m_RootOrder: 4
  m_LocalEulerAnglesHint: {x: 0, y: 0, z: 0}
--- !u!1 &33402711
GameObject:
  m_ObjectHideFlags: 0
  m_PrefabParentObject: {fileID: 0}
  m_PrefabInternal: {fileID: 0}
  serializedVersion: 5
  m_Component:
  - component: {fileID: 33402712}
  m_Layer: 0
  m_Name: Spawn
  m_TagString: Untagged
  m_Icon: {fileID: -964228994112308473, guid: 0000000000000000d000000000000000, type: 0}
  m_NavMeshLayer: 0
  m_StaticEditorFlags: 0
  m_IsActive: 1
--- !u!4 &33402712
Transform:
  m_ObjectHideFlags: 0
  m_PrefabParentObject: {fileID: 0}
  m_PrefabInternal: {fileID: 0}
  m_GameObject: {fileID: 33402711}
  m_LocalRotation: {x: -0, y: -0, z: -0, w: 1}
  m_LocalPosition: {x: 77.844055, y: 21.016378, z: -11.405573}
  m_LocalScale: {x: 1, y: 1, z: 1}
  m_Children: []
  m_Father: {fileID: 24594357}
  m_RootOrder: 8
  m_LocalEulerAnglesHint: {x: 0, y: 0, z: 0}
--- !u!1 &81304596
GameObject:
  m_ObjectHideFlags: 0
  m_PrefabParentObject: {fileID: 0}
  m_PrefabInternal: {fileID: 0}
  serializedVersion: 5
  m_Component:
  - component: {fileID: 81304600}
  - component: {fileID: 81304599}
  - component: {fileID: 81304598}
  - component: {fileID: 81304597}
  m_Layer: 0
  m_Name: SoundManager
  m_TagString: Untagged
  m_Icon: {fileID: 0}
  m_NavMeshLayer: 0
  m_StaticEditorFlags: 0
  m_IsActive: 1
--- !u!114 &81304597
MonoBehaviour:
  m_ObjectHideFlags: 0
  m_PrefabParentObject: {fileID: 0}
  m_PrefabInternal: {fileID: 0}
  m_GameObject: {fileID: 81304596}
  m_Enabled: 1
  m_EditorHideFlags: 0
  m_Script: {fileID: 11500000, guid: f633ccef58bf94a439a83a09114a173f, type: 3}
  m_Name: 
  m_EditorClassIdentifier: 
  gunFire: {fileID: 8300000, guid: 5601eca1dfa29004bb6fa92fb60c7feb, type: 3}
  upgradedGunFire: {fileID: 8300000, guid: 8e48e9181723f0c4c9c881d2bfc0fa03, type: 3}
  hurt: {fileID: 8300000, guid: a16b9017a7a3b744fbd8ab26d0a816c3, type: 3}
  alienDeath: {fileID: 8300000, guid: 8f252cb39a2a2da44aefd3d09599af53, type: 3}
  marineDeath: {fileID: 8300000, guid: d9f613ad6fc2e5648b734dade33baf01, type: 3}
  victory: {fileID: 8300000, guid: b4d3cb20c25bae54e999c556d56876b8, type: 3}
  elevatorArrived: {fileID: 8300000, guid: 2f387366f0fba044487680bf853f5f68, type: 3}
  powerUpPickup: {fileID: 8300000, guid: 55bc10006917fbe46a89f70a93cd4e1f, type: 3}
  powerUpAppear: {fileID: 8300000, guid: 00f25f135ee488c4591479876ca3f10c, type: 3}
--- !u!82 &81304598
AudioSource:
  m_ObjectHideFlags: 0
  m_PrefabParentObject: {fileID: 0}
  m_PrefabInternal: {fileID: 0}
  m_GameObject: {fileID: 81304596}
  m_Enabled: 1
  serializedVersion: 4
  OutputAudioMixerGroup: {fileID: 243523202294871818, guid: b8d39630a7064394c8c80c74c045d89e,
    type: 2}
  m_audioClip: {fileID: 8300000, guid: c913da143d1341c4a8ca22e0717e79a2, type: 3}
  m_PlayOnAwake: 1
  m_Volume: 1
  m_Pitch: 1
  Loop: 1
  Mute: 0
  Spatialize: 0
  SpatializePostEffects: 0
  Priority: 128
  DopplerLevel: 1
  MinDistance: 1
  MaxDistance: 500
  Pan2D: 0
  rolloffMode: 0
  BypassEffects: 0
  BypassListenerEffects: 0
  BypassReverbZones: 0
  rolloffCustomCurve:
    serializedVersion: 2
    m_Curve:
    - serializedVersion: 2
      time: 0
      value: 1
      inSlope: 0
      outSlope: 0
      tangentMode: 0
    - serializedVersion: 2
      time: 1
      value: 0
      inSlope: 0
      outSlope: 0
      tangentMode: 0
    m_PreInfinity: 2
    m_PostInfinity: 2
    m_RotationOrder: 4
  panLevelCustomCurve:
    serializedVersion: 2
    m_Curve:
    - serializedVersion: 2
      time: 0
      value: 0
      inSlope: 0
      outSlope: 0
      tangentMode: 0
    m_PreInfinity: 2
    m_PostInfinity: 2
    m_RotationOrder: 0
  spreadCustomCurve:
    serializedVersion: 2
    m_Curve:
    - serializedVersion: 2
      time: 0
      value: 0
      inSlope: 0
      outSlope: 0
      tangentMode: 0
    m_PreInfinity: 2
    m_PostInfinity: 2
    m_RotationOrder: 0
  reverbZoneMixCustomCurve:
    serializedVersion: 2
    m_Curve:
    - serializedVersion: 2
      time: 0
      value: 1
      inSlope: 0
      outSlope: 0
      tangentMode: 0
    m_PreInfinity: 2
    m_PostInfinity: 2
    m_RotationOrder: 0
--- !u!82 &81304599
AudioSource:
  m_ObjectHideFlags: 0
  m_PrefabParentObject: {fileID: 0}
  m_PrefabInternal: {fileID: 0}
  m_GameObject: {fileID: 81304596}
  m_Enabled: 1
  serializedVersion: 4
  OutputAudioMixerGroup: {fileID: 243263197422610024, guid: b8d39630a7064394c8c80c74c045d89e,
    type: 2}
  m_audioClip: {fileID: 0}
  m_PlayOnAwake: 1
  m_Volume: 1
  m_Pitch: 1
  Loop: 0
  Mute: 0
  Spatialize: 0
  SpatializePostEffects: 0
  Priority: 128
  DopplerLevel: 1
  MinDistance: 1
  MaxDistance: 500
  Pan2D: 0
  rolloffMode: 0
  BypassEffects: 0
  BypassListenerEffects: 0
  BypassReverbZones: 0
  rolloffCustomCurve:
    serializedVersion: 2
    m_Curve:
    - serializedVersion: 2
      time: 0
      value: 1
      inSlope: 0
      outSlope: 0
      tangentMode: 0
    - serializedVersion: 2
      time: 1
      value: 0
      inSlope: 0
      outSlope: 0
      tangentMode: 0
    m_PreInfinity: 2
    m_PostInfinity: 2
    m_RotationOrder: 4
  panLevelCustomCurve:
    serializedVersion: 2
    m_Curve:
    - serializedVersion: 2
      time: 0
      value: 0
      inSlope: 0
      outSlope: 0
      tangentMode: 0
    m_PreInfinity: 2
    m_PostInfinity: 2
    m_RotationOrder: 0
  spreadCustomCurve:
    serializedVersion: 2
    m_Curve:
    - serializedVersion: 2
      time: 0
      value: 0
      inSlope: 0
      outSlope: 0
      tangentMode: 0
    m_PreInfinity: 2
    m_PostInfinity: 2
    m_RotationOrder: 0
  reverbZoneMixCustomCurve:
    serializedVersion: 2
    m_Curve:
    - serializedVersion: 2
      time: 0
      value: 1
      inSlope: 0
      outSlope: 0
      tangentMode: 0
    m_PreInfinity: 2
    m_PostInfinity: 2
    m_RotationOrder: 0
--- !u!4 &81304600
Transform:
  m_ObjectHideFlags: 0
  m_PrefabParentObject: {fileID: 0}
  m_PrefabInternal: {fileID: 0}
  m_GameObject: {fileID: 81304596}
  m_LocalRotation: {x: 0, y: 0, z: 0, w: 1}
  m_LocalPosition: {x: -27.67, y: 13.57, z: 74.53}
  m_LocalScale: {x: 1, y: 1, z: 1}
  m_Children: []
  m_Father: {fileID: 0}
  m_RootOrder: 7
  m_LocalEulerAnglesHint: {x: 0, y: 0, z: 0}
--- !u!1001 &154577087
Prefab:
  m_ObjectHideFlags: 0
  serializedVersion: 2
  m_Modification:
    m_TransformParent: {fileID: 917073710}
    m_Modifications:
    - target: {fileID: 4563781513060160, guid: 6a189ec85c8235b4a86d7d874aca13b4, type: 2}
      propertyPath: m_LocalPosition.x
      value: 52.326073
      objectReference: {fileID: 0}
    - target: {fileID: 4563781513060160, guid: 6a189ec85c8235b4a86d7d874aca13b4, type: 2}
      propertyPath: m_LocalPosition.y
      value: 12.0175
      objectReference: {fileID: 0}
    - target: {fileID: 4563781513060160, guid: 6a189ec85c8235b4a86d7d874aca13b4, type: 2}
      propertyPath: m_LocalPosition.z
      value: 39.83531
      objectReference: {fileID: 0}
    - target: {fileID: 4563781513060160, guid: 6a189ec85c8235b4a86d7d874aca13b4, type: 2}
      propertyPath: m_LocalRotation.x
      value: -0
      objectReference: {fileID: 0}
    - target: {fileID: 4563781513060160, guid: 6a189ec85c8235b4a86d7d874aca13b4, type: 2}
      propertyPath: m_LocalRotation.y
      value: -0
      objectReference: {fileID: 0}
    - target: {fileID: 4563781513060160, guid: 6a189ec85c8235b4a86d7d874aca13b4, type: 2}
      propertyPath: m_LocalRotation.z
      value: -0
      objectReference: {fileID: 0}
    - target: {fileID: 4563781513060160, guid: 6a189ec85c8235b4a86d7d874aca13b4, type: 2}
      propertyPath: m_LocalRotation.w
      value: 1
      objectReference: {fileID: 0}
    - target: {fileID: 4563781513060160, guid: 6a189ec85c8235b4a86d7d874aca13b4, type: 2}
      propertyPath: m_RootOrder
      value: 2
      objectReference: {fileID: 0}
    - target: {fileID: 1507096316732428, guid: 6a189ec85c8235b4a86d7d874aca13b4, type: 2}
      propertyPath: m_Name
      value: Column
      objectReference: {fileID: 0}
    m_RemovedComponents: []
  m_ParentPrefab: {fileID: 100100000, guid: 6a189ec85c8235b4a86d7d874aca13b4, type: 2}
  m_IsPrefabParent: 0
--- !u!4 &154577088 stripped
Transform:
  m_PrefabParentObject: {fileID: 4563781513060160, guid: 6a189ec85c8235b4a86d7d874aca13b4,
    type: 2}
  m_PrefabInternal: {fileID: 154577087}
--- !u!1 &254342248
GameObject:
  m_ObjectHideFlags: 0
  m_PrefabParentObject: {fileID: 0}
  m_PrefabInternal: {fileID: 0}
  serializedVersion: 5
  m_Component:
  - component: {fileID: 254342250}
  - component: {fileID: 254342249}
  m_Layer: 0
  m_Name: Directional Light
  m_TagString: Untagged
  m_Icon: {fileID: 0}
  m_NavMeshLayer: 0
  m_StaticEditorFlags: 0
  m_IsActive: 1
--- !u!108 &254342249
Light:
  m_ObjectHideFlags: 0
  m_PrefabParentObject: {fileID: 0}
  m_PrefabInternal: {fileID: 0}
  m_GameObject: {fileID: 254342248}
  m_Enabled: 1
  serializedVersion: 8
  m_Type: 1
  m_Color: {r: 1, g: 0.95686275, b: 0.8392157, a: 1}
  m_Intensity: 1
  m_Range: 10
  m_SpotAngle: 30
  m_CookieSize: 10
  m_Shadows:
    m_Type: 2
    m_Resolution: -1
    m_CustomResolution: -1
    m_Strength: 1
    m_Bias: 0.05
    m_NormalBias: 0.4
    m_NearPlane: 0.2
  m_Cookie: {fileID: 0}
  m_DrawHalo: 0
  m_Flare: {fileID: 0}
  m_RenderMode: 0
  m_CullingMask:
    serializedVersion: 2
    m_Bits: 4294967295
  m_Lightmapping: 4
  m_AreaSize: {x: 1, y: 1}
  m_BounceIntensity: 1
  m_ColorTemperature: 6570
  m_UseColorTemperature: 0
  m_ShadowRadius: 0
  m_ShadowAngle: 0
--- !u!4 &254342250
Transform:
  m_ObjectHideFlags: 0
  m_PrefabParentObject: {fileID: 0}
  m_PrefabInternal: {fileID: 0}
  m_GameObject: {fileID: 254342248}
  m_LocalRotation: {x: 0.40821788, y: -0.23456968, z: 0.10938163, w: 0.8754261}
  m_LocalPosition: {x: 0, y: 3, z: 0}
  m_LocalScale: {x: 1, y: 1, z: 1}
  m_Children: []
  m_Father: {fileID: 0}
  m_RootOrder: 1
  m_LocalEulerAnglesHint: {x: 50, y: -30, z: 0}
--- !u!1 &254845522
GameObject:
  m_ObjectHideFlags: 0
  m_PrefabParentObject: {fileID: 0}
  m_PrefabInternal: {fileID: 0}
  serializedVersion: 5
  m_Component:
  - component: {fileID: 254845523}
  m_Layer: 0
  m_Name: Spawn
  m_TagString: Untagged
  m_Icon: {fileID: -964228994112308473, guid: 0000000000000000d000000000000000, type: 0}
  m_NavMeshLayer: 0
  m_StaticEditorFlags: 0
  m_IsActive: 1
--- !u!4 &254845523
Transform:
  m_ObjectHideFlags: 0
  m_PrefabParentObject: {fileID: 0}
  m_PrefabInternal: {fileID: 0}
  m_GameObject: {fileID: 254845522}
  m_LocalRotation: {x: -0, y: -0, z: -0, w: 1}
  m_LocalPosition: {x: -37.155945, y: 21.016378, z: 113.59443}
  m_LocalScale: {x: 1, y: 1, z: 1}
  m_Children: []
  m_Father: {fileID: 24594357}
  m_RootOrder: 2
  m_LocalEulerAnglesHint: {x: 0, y: 0, z: 0}
--- !u!1 &306648894
GameObject:
  m_ObjectHideFlags: 0
  m_PrefabParentObject: {fileID: 0}
  m_PrefabInternal: {fileID: 0}
  serializedVersion: 5
  m_Component:
  - component: {fileID: 306648895}
  - component: {fileID: 306648896}
  m_Layer: 0
  m_Name: GameManager
  m_TagString: Untagged
  m_Icon: {fileID: 0}
  m_NavMeshLayer: 0
  m_StaticEditorFlags: 0
  m_IsActive: 1
--- !u!4 &306648895
Transform:
  m_ObjectHideFlags: 0
  m_PrefabParentObject: {fileID: 0}
  m_PrefabInternal: {fileID: 0}
  m_GameObject: {fileID: 306648894}
  m_LocalRotation: {x: 0, y: 0, z: 0, w: 1}
  m_LocalPosition: {x: -5.279536, y: 17.997452, z: 6.8927937}
  m_LocalScale: {x: 1, y: 1, z: 1}
  m_Children: []
  m_Father: {fileID: 0}
  m_RootOrder: 6
  m_LocalEulerAnglesHint: {x: 0, y: 0, z: 0}
--- !u!114 &306648896
MonoBehaviour:
  m_ObjectHideFlags: 0
  m_PrefabParentObject: {fileID: 0}
  m_PrefabInternal: {fileID: 0}
  m_GameObject: {fileID: 306648894}
  m_Enabled: 1
  m_EditorHideFlags: 0
  m_Script: {fileID: 11500000, guid: fcc6597d0c56a04468a5ba8c602b3e31, type: 3}
  m_Name: 
  m_EditorClassIdentifier: 
  player: {fileID: 699999032}
  spawnPoints:
  - {fileID: 1071548730}
  - {fileID: 1391363422}
  - {fileID: 254845522}
  - {fileID: 21043171}
  - {fileID: 1535564658}
  - {fileID: 938302927}
  - {fileID: 1156137667}
  - {fileID: 973865531}
  - {fileID: 33402711}
  - {fileID: 1890613473}
  - {fileID: 1035494517}
  alien: {fileID: 1280049240982182, guid: 59b1e4d642dd134408bcdf3eaa5dce4e, type: 2}
  upgradePrefab: {fileID: 105092, guid: 941d6224549424c91b1cf112b44ec0cb, type: 2}
  deathFloor: {fileID: 623898525}
  maxAliensOnScreen: 25
  totalAliens: 50
  minSpawnTime: 0
  maxSpawnTime: 3
  aliensPerSpawn: 3
  gun: {fileID: 424644868}
  upgradeMaxTimeSpawn: 7.5
  arenaAnimator: {fileID: 1527338979}
--- !u!4 &330923618 stripped
Transform:
  m_PrefabParentObject: {fileID: 400066, guid: ffc3589a6b46caf4b944c153c8e879c1, type: 3}
  m_PrefabInternal: {fileID: 2077190809}
--- !u!1001 &381032957
Prefab:
  m_ObjectHideFlags: 0
  serializedVersion: 2
  m_Modification:
    m_TransformParent: {fileID: 917073710}
    m_Modifications:
    - target: {fileID: 4563781513060160, guid: 6a189ec85c8235b4a86d7d874aca13b4, type: 2}
      propertyPath: m_LocalPosition.x
      value: -38.463924
      objectReference: {fileID: 0}
    - target: {fileID: 4563781513060160, guid: 6a189ec85c8235b4a86d7d874aca13b4, type: 2}
      propertyPath: m_LocalPosition.y
      value: 12.0175
      objectReference: {fileID: 0}
    - target: {fileID: 4563781513060160, guid: 6a189ec85c8235b4a86d7d874aca13b4, type: 2}
      propertyPath: m_LocalPosition.z
      value: 43.435314
      objectReference: {fileID: 0}
    - target: {fileID: 4563781513060160, guid: 6a189ec85c8235b4a86d7d874aca13b4, type: 2}
      propertyPath: m_LocalRotation.x
      value: -0
      objectReference: {fileID: 0}
    - target: {fileID: 4563781513060160, guid: 6a189ec85c8235b4a86d7d874aca13b4, type: 2}
      propertyPath: m_LocalRotation.y
      value: -0
      objectReference: {fileID: 0}
    - target: {fileID: 4563781513060160, guid: 6a189ec85c8235b4a86d7d874aca13b4, type: 2}
      propertyPath: m_LocalRotation.z
      value: -0
      objectReference: {fileID: 0}
    - target: {fileID: 4563781513060160, guid: 6a189ec85c8235b4a86d7d874aca13b4, type: 2}
      propertyPath: m_LocalRotation.w
      value: 1
      objectReference: {fileID: 0}
    - target: {fileID: 4563781513060160, guid: 6a189ec85c8235b4a86d7d874aca13b4, type: 2}
      propertyPath: m_RootOrder
      value: 6
      objectReference: {fileID: 0}
    - target: {fileID: 1507096316732428, guid: 6a189ec85c8235b4a86d7d874aca13b4, type: 2}
      propertyPath: m_Name
      value: Column
      objectReference: {fileID: 0}
    m_RemovedComponents: []
  m_ParentPrefab: {fileID: 100100000, guid: 6a189ec85c8235b4a86d7d874aca13b4, type: 2}
  m_IsPrefabParent: 0
--- !u!4 &381032958 stripped
Transform:
  m_PrefabParentObject: {fileID: 4563781513060160, guid: 6a189ec85c8235b4a86d7d874aca13b4,
    type: 2}
  m_PrefabInternal: {fileID: 381032957}
--- !u!1 &424644866 stripped
GameObject:
  m_PrefabParentObject: {fileID: 100006, guid: ffc3589a6b46caf4b944c153c8e879c1, type: 3}
  m_PrefabInternal: {fileID: 2077190809}
--- !u!95 &424644867 stripped
Animator:
  m_PrefabParentObject: {fileID: 9500000, guid: ffc3589a6b46caf4b944c153c8e879c1,
    type: 3}
  m_PrefabInternal: {fileID: 2077190809}
--- !u!114 &424644868
MonoBehaviour:
  m_ObjectHideFlags: 0
  m_PrefabParentObject: {fileID: 0}
  m_PrefabInternal: {fileID: 0}
  m_GameObject: {fileID: 424644866}
  m_Enabled: 1
  m_EditorHideFlags: 0
  m_Script: {fileID: 11500000, guid: fef10bcbe7e19bb4bb056d15464a0c27, type: 3}
  m_Name: 
  m_EditorClassIdentifier: 
  bulletPrefab: {fileID: 1629791729589162, guid: 36a3927e86704ea48947f81f8e7c39be,
    type: 2}
  launchPosition: {fileID: 1316439775}
  isUpgraded: 0
  upgradeTime: 10
--- !u!54 &424644869
Rigidbody:
  m_ObjectHideFlags: 0
  m_PrefabParentObject: {fileID: 0}
  m_PrefabInternal: {fileID: 0}
  m_GameObject: {fileID: 424644866}
  serializedVersion: 2
  m_Mass: 1
  m_Drag: 0
  m_AngularDrag: 0.05
  m_UseGravity: 0
  m_IsKinematic: 1
  m_Interpolate: 0
  m_Constraints: 0
  m_CollisionDetection: 0
--- !u!82 &424644870
AudioSource:
  m_ObjectHideFlags: 0
  m_PrefabParentObject: {fileID: 0}
  m_PrefabInternal: {fileID: 0}
  m_GameObject: {fileID: 424644866}
  m_Enabled: 1
  serializedVersion: 4
  OutputAudioMixerGroup: {fileID: 243517624391328698, guid: b8d39630a7064394c8c80c74c045d89e,
    type: 2}
  m_audioClip: {fileID: 0}
  m_PlayOnAwake: 1
  m_Volume: 1
  m_Pitch: 1
  Loop: 0
  Mute: 0
  Spatialize: 0
  SpatializePostEffects: 0
  Priority: 128
  DopplerLevel: 1
  MinDistance: 1
  MaxDistance: 500
  Pan2D: 0
  rolloffMode: 0
  BypassEffects: 0
  BypassListenerEffects: 0
  BypassReverbZones: 0
  rolloffCustomCurve:
    serializedVersion: 2
    m_Curve:
    - serializedVersion: 2
      time: 0
      value: 1
      inSlope: 0
      outSlope: 0
      tangentMode: 0
    - serializedVersion: 2
      time: 1
      value: 0
      inSlope: 0
      outSlope: 0
      tangentMode: 0
    m_PreInfinity: 2
    m_PostInfinity: 2
    m_RotationOrder: 4
  panLevelCustomCurve:
    serializedVersion: 2
    m_Curve:
    - serializedVersion: 2
      time: 0
      value: 0
      inSlope: 0
      outSlope: 0
      tangentMode: 0
    m_PreInfinity: 2
    m_PostInfinity: 2
    m_RotationOrder: 0
  spreadCustomCurve:
    serializedVersion: 2
    m_Curve:
    - serializedVersion: 2
      time: 0
      value: 0
      inSlope: 0
      outSlope: 0
      tangentMode: 0
    m_PreInfinity: 2
    m_PostInfinity: 2
    m_RotationOrder: 0
  reverbZoneMixCustomCurve:
    serializedVersion: 2
    m_Curve:
    - serializedVersion: 2
      time: 0
      value: 1
      inSlope: 0
      outSlope: 0
      tangentMode: 0
    m_PreInfinity: 2
    m_PostInfinity: 2
    m_RotationOrder: 0
--- !u!136 &424644871
CapsuleCollider:
  m_ObjectHideFlags: 0
  m_PrefabParentObject: {fileID: 0}
  m_PrefabInternal: {fileID: 0}
  m_GameObject: {fileID: 424644866}
  m_Material: {fileID: 0}
  m_IsTrigger: 0
  m_Enabled: 0
  m_Radius: 2.08
  m_Height: 0.24
  m_Direction: 1
  m_Center: {x: -1.61, y: 3.58, z: 0}
--- !u!1 &559890305
GameObject:
  m_ObjectHideFlags: 0
  m_PrefabParentObject: {fileID: 0}
  m_PrefabInternal: {fileID: 0}
  serializedVersion: 5
  m_Component:
  - component: {fileID: 559890310}
  - component: {fileID: 559890309}
  - component: {fileID: 559890308}
  - component: {fileID: 559890307}
  - component: {fileID: 559890306}
  - component: {fileID: 559890311}
  m_Layer: 0
  m_Name: Main Camera
  m_TagString: MainCamera
  m_Icon: {fileID: 0}
  m_NavMeshLayer: 0
  m_StaticEditorFlags: 0
  m_IsActive: 1
--- !u!81 &559890306
AudioListener:
  m_ObjectHideFlags: 0
  m_PrefabParentObject: {fileID: 0}
  m_PrefabInternal: {fileID: 0}
  m_GameObject: {fileID: 559890305}
  m_Enabled: 1
--- !u!124 &559890307
Behaviour:
  m_ObjectHideFlags: 0
  m_PrefabParentObject: {fileID: 0}
  m_PrefabInternal: {fileID: 0}
  m_GameObject: {fileID: 559890305}
  m_Enabled: 1
--- !u!92 &559890308
Behaviour:
  m_ObjectHideFlags: 0
  m_PrefabParentObject: {fileID: 0}
  m_PrefabInternal: {fileID: 0}
  m_GameObject: {fileID: 559890305}
  m_Enabled: 1
--- !u!20 &559890309
Camera:
  m_ObjectHideFlags: 0
  m_PrefabParentObject: {fileID: 0}
  m_PrefabInternal: {fileID: 0}
  m_GameObject: {fileID: 559890305}
  m_Enabled: 1
  serializedVersion: 2
  m_ClearFlags: 1
  m_BackGroundColor: {r: 0.19215687, g: 0.3019608, b: 0.4745098, a: 0}
  m_NormalizedViewPortRect:
    serializedVersion: 2
    x: 0
    y: 0
    width: 1
    height: 1
  near clip plane: 0.3
  far clip plane: 1000
  field of view: 31
  orthographic: 0
  orthographic size: 5
  m_Depth: -1
  m_CullingMask:
    serializedVersion: 2
    m_Bits: 4294967295
  m_RenderingPath: -1
  m_TargetTexture: {fileID: 0}
  m_TargetDisplay: 0
  m_TargetEye: 3
  m_HDR: 1
  m_AllowMSAA: 1
  m_ForceIntoRT: 0
  m_OcclusionCulling: 1
  m_StereoConvergence: 10
  m_StereoSeparation: 0.022
  m_StereoMirrorMode: 0
--- !u!4 &559890310
Transform:
  m_ObjectHideFlags: 0
  m_PrefabParentObject: {fileID: 0}
  m_PrefabInternal: {fileID: 0}
  m_GameObject: {fileID: 559890305}
  m_LocalRotation: {x: 0.2588191, y: -0, z: -0, w: 0.9659258}
  m_LocalPosition: {x: -4.7999997, y: 41.059998, z: -61.969997}
  m_LocalScale: {x: 1, y: 1, z: 1}
  m_Children: []
  m_Father: {fileID: 1541745336}
  m_RootOrder: 0
  m_LocalEulerAnglesHint: {x: 30, y: 0, z: 0}
--- !u!114 &559890311
MonoBehaviour:
  m_ObjectHideFlags: 0
  m_PrefabParentObject: {fileID: 0}
  m_PrefabInternal: {fileID: 0}
  m_GameObject: {fileID: 559890305}
  m_Enabled: 1
  m_EditorHideFlags: 0
  m_Script: {fileID: 11500000, guid: 9efe26825c6d3b24aac340ea97076054, type: 3}
  m_Name: 
  m_EditorClassIdentifier: 
  shakeDecay: 0.02
  intensity: 0.3
--- !u!1001 &562162463
Prefab:
  m_ObjectHideFlags: 0
  serializedVersion: 2
  m_Modification:
    m_TransformParent: {fileID: 699999033}
    m_Modifications:
    - target: {fileID: 400000, guid: 6306cc68bdb730746bd052de0b7a74ac, type: 3}
      propertyPath: m_LocalPosition.x
      value: -1.38
      objectReference: {fileID: 0}
    - target: {fileID: 400000, guid: 6306cc68bdb730746bd052de0b7a74ac, type: 3}
      propertyPath: m_LocalPosition.y
      value: 6.16
      objectReference: {fileID: 0}
    - target: {fileID: 400000, guid: 6306cc68bdb730746bd052de0b7a74ac, type: 3}
      propertyPath: m_LocalPosition.z
      value: 1.05
      objectReference: {fileID: 0}
    - target: {fileID: 400000, guid: 6306cc68bdb730746bd052de0b7a74ac, type: 3}
      propertyPath: m_LocalRotation.x
      value: -0
      objectReference: {fileID: 0}
    - target: {fileID: 400000, guid: 6306cc68bdb730746bd052de0b7a74ac, type: 3}
      propertyPath: m_LocalRotation.y
      value: -0
      objectReference: {fileID: 0}
    - target: {fileID: 400000, guid: 6306cc68bdb730746bd052de0b7a74ac, type: 3}
      propertyPath: m_LocalRotation.z
      value: -0
      objectReference: {fileID: 0}
    - target: {fileID: 400000, guid: 6306cc68bdb730746bd052de0b7a74ac, type: 3}
      propertyPath: m_LocalRotation.w
      value: 1
      objectReference: {fileID: 0}
    - target: {fileID: 400000, guid: 6306cc68bdb730746bd052de0b7a74ac, type: 3}
      propertyPath: m_RootOrder
      value: 0
      objectReference: {fileID: 0}
    - target: {fileID: 400000, guid: 6306cc68bdb730746bd052de0b7a74ac, type: 3}
      propertyPath: m_LocalScale.x
      value: 1.1254182
      objectReference: {fileID: 0}
    - target: {fileID: 100020, guid: 6306cc68bdb730746bd052de0b7a74ac, type: 3}
      propertyPath: m_Layer
      value: 9
      objectReference: {fileID: 0}
    - target: {fileID: 100010, guid: 6306cc68bdb730746bd052de0b7a74ac, type: 3}
      propertyPath: m_Layer
      value: 9
      objectReference: {fileID: 0}
    - target: {fileID: 100002, guid: 6306cc68bdb730746bd052de0b7a74ac, type: 3}
      propertyPath: m_Layer
      value: 9
      objectReference: {fileID: 0}
    - target: {fileID: 100022, guid: 6306cc68bdb730746bd052de0b7a74ac, type: 3}
      propertyPath: m_Layer
      value: 9
      objectReference: {fileID: 0}
    - target: {fileID: 100016, guid: 6306cc68bdb730746bd052de0b7a74ac, type: 3}
      propertyPath: m_Layer
      value: 9
      objectReference: {fileID: 0}
    - target: {fileID: 100004, guid: 6306cc68bdb730746bd052de0b7a74ac, type: 3}
      propertyPath: m_Layer
      value: 9
      objectReference: {fileID: 0}
    - target: {fileID: 100008, guid: 6306cc68bdb730746bd052de0b7a74ac, type: 3}
      propertyPath: m_Layer
      value: 9
      objectReference: {fileID: 0}
    - target: {fileID: 100006, guid: 6306cc68bdb730746bd052de0b7a74ac, type: 3}
      propertyPath: m_Layer
      value: 9
      objectReference: {fileID: 0}
    - target: {fileID: 100014, guid: 6306cc68bdb730746bd052de0b7a74ac, type: 3}
      propertyPath: m_Layer
      value: 9
      objectReference: {fileID: 0}
    - target: {fileID: 100018, guid: 6306cc68bdb730746bd052de0b7a74ac, type: 3}
      propertyPath: m_Layer
      value: 9
      objectReference: {fileID: 0}
    - target: {fileID: 100024, guid: 6306cc68bdb730746bd052de0b7a74ac, type: 3}
      propertyPath: m_Layer
      value: 9
      objectReference: {fileID: 0}
    - target: {fileID: 100000, guid: 6306cc68bdb730746bd052de0b7a74ac, type: 3}
      propertyPath: m_Layer
      value: 9
      objectReference: {fileID: 0}
    - target: {fileID: 100012, guid: 6306cc68bdb730746bd052de0b7a74ac, type: 3}
      propertyPath: m_Layer
      value: 9
      objectReference: {fileID: 0}
    m_RemovedComponents: []
  m_ParentPrefab: {fileID: 100100000, guid: 6306cc68bdb730746bd052de0b7a74ac, type: 3}
  m_IsPrefabParent: 0
--- !u!4 &562162464 stripped
Transform:
  m_PrefabParentObject: {fileID: 400000, guid: 6306cc68bdb730746bd052de0b7a74ac, type: 3}
  m_PrefabInternal: {fileID: 562162463}
--- !u!1 &623898525
GameObject:
  m_ObjectHideFlags: 0
  m_PrefabParentObject: {fileID: 0}
  m_PrefabInternal: {fileID: 0}
  serializedVersion: 5
  m_Component:
  - component: {fileID: 623898526}
  - component: {fileID: 623898529}
  - component: {fileID: 623898528}
  - component: {fileID: 623898527}
  m_Layer: 0
  m_Name: DeathFloor
  m_TagString: Untagged
  m_Icon: {fileID: 0}
  m_NavMeshLayer: 0
  m_StaticEditorFlags: 0
  m_IsActive: 1
--- !u!4 &623898526
Transform:
  m_ObjectHideFlags: 0
  m_PrefabParentObject: {fileID: 0}
  m_PrefabInternal: {fileID: 0}
  m_GameObject: {fileID: 623898525}
  m_LocalRotation: {x: -0, y: -0, z: -0, w: 1}
  m_LocalPosition: {x: 8.66, y: -0.16, z: 12.15}
  m_LocalScale: {x: -14.9, y: 0.5, z: 15.6}
  m_Children: []
  m_Father: {fileID: 1204024850}
  m_RootOrder: 6
  m_LocalEulerAnglesHint: {x: 0, y: 0, z: 0}
--- !u!23 &623898527
MeshRenderer:
  m_ObjectHideFlags: 0
  m_PrefabParentObject: {fileID: 0}
  m_PrefabInternal: {fileID: 0}
  m_GameObject: {fileID: 623898525}
  m_Enabled: 0
  m_CastShadows: 1
  m_ReceiveShadows: 1
  m_MotionVectors: 1
  m_LightProbeUsage: 1
  m_ReflectionProbeUsage: 1
  m_Materials:
  - {fileID: 10303, guid: 0000000000000000f000000000000000, type: 0}
  m_StaticBatchInfo:
    firstSubMesh: 0
    subMeshCount: 0
  m_StaticBatchRoot: {fileID: 0}
  m_ProbeAnchor: {fileID: 0}
  m_LightProbeVolumeOverride: {fileID: 0}
  m_ScaleInLightmap: 1
  m_PreserveUVs: 1
  m_IgnoreNormalsForChartDetection: 0
  m_ImportantGI: 0
  m_SelectedEditorRenderState: 3
  m_MinimumChartSize: 4
  m_AutoUVMaxDistance: 0.5
  m_AutoUVMaxAngle: 89
  m_LightmapParameters: {fileID: 0}
  m_SortingLayerID: 0
  m_SortingLayer: 0
  m_SortingOrder: 0
--- !u!64 &623898528
MeshCollider:
  m_ObjectHideFlags: 0
  m_PrefabParentObject: {fileID: 0}
  m_PrefabInternal: {fileID: 0}
  m_GameObject: {fileID: 623898525}
  m_Material: {fileID: 0}
  m_IsTrigger: 0
  m_Enabled: 0
  serializedVersion: 2
  m_Convex: 0
  m_InflateMesh: 0
  m_SkinWidth: 0.01
  m_Mesh: {fileID: 10209, guid: 0000000000000000e000000000000000, type: 0}
--- !u!33 &623898529
MeshFilter:
  m_ObjectHideFlags: 0
  m_PrefabParentObject: {fileID: 0}
  m_PrefabInternal: {fileID: 0}
  m_GameObject: {fileID: 623898525}
  m_Mesh: {fileID: 10209, guid: 0000000000000000e000000000000000, type: 0}
--- !u!1 &661912852 stripped
GameObject:
  m_PrefabParentObject: {fileID: 1000014094683372, guid: 166b5f35267b23d418446eb9650c0efc,
    type: 2}
  m_PrefabInternal: {fileID: 1139495874}
--- !u!114 &661912856
MonoBehaviour:
  m_ObjectHideFlags: 0
  m_PrefabParentObject: {fileID: 0}
  m_PrefabInternal: {fileID: 0}
  m_GameObject: {fileID: 661912852}
  m_Enabled: 1
  m_EditorHideFlags: 0
  m_Script: {fileID: 11500000, guid: e2107c2a033d3b942bb669db0d682151, type: 3}
  m_Name: 
  m_EditorClassIdentifier: 
--- !u!1 &699999032
GameObject:
  m_ObjectHideFlags: 0
  m_PrefabParentObject: {fileID: 0}
  m_PrefabInternal: {fileID: 0}
  serializedVersion: 5
  m_Component:
  - component: {fileID: 699999033}
  - component: {fileID: 699999034}
  - component: {fileID: 699999035}
  m_Layer: 8
  m_Name: SpaceMarine
  m_TagString: Untagged
  m_Icon: {fileID: 0}
  m_NavMeshLayer: 0
  m_StaticEditorFlags: 0
  m_IsActive: 1
--- !u!4 &699999033
Transform:
  m_ObjectHideFlags: 0
  m_PrefabParentObject: {fileID: 0}
  m_PrefabInternal: {fileID: 0}
  m_GameObject: {fileID: 699999032}
  m_LocalRotation: {x: 0, y: 0, z: 0, w: 1}
  m_LocalPosition: {x: -4.9, y: 12.54, z: 5.87}
  m_LocalScale: {x: 1, y: 1, z: 1}
  m_Children:
  - {fileID: 562162464}
  - {fileID: 2077190810}
  m_Father: {fileID: 0}
  m_RootOrder: 2
  m_LocalEulerAnglesHint: {x: 0, y: 0, z: 0}
--- !u!114 &699999034
MonoBehaviour:
  m_ObjectHideFlags: 0
  m_PrefabParentObject: {fileID: 0}
  m_PrefabInternal: {fileID: 0}
  m_GameObject: {fileID: 699999032}
  m_Enabled: 1
  m_EditorHideFlags: 0
  m_Script: {fileID: 11500000, guid: 5fa72ac595562ff40bfa20d477dfc184, type: 3}
  m_Name: 
  m_EditorClassIdentifier: 
  moveSpeed: 50
  head: {fileID: 1549338870}
  layerMask:
    serializedVersion: 2
    m_Bits: 8192
  bodyAnimator: {fileID: 424644867}
  hitForce:
  - 0.1
  - 0.2
  - 0.3
  timeBetweenHits: 2.5
  marineBody: {fileID: 424644869}
--- !u!143 &699999035
CharacterController:
  m_ObjectHideFlags: 0
  m_PrefabParentObject: {fileID: 0}
  m_PrefabInternal: {fileID: 0}
  m_GameObject: {fileID: 699999032}
  m_Material: {fileID: 0}
  m_IsTrigger: 0
  m_Enabled: 1
  serializedVersion: 2
  m_Height: 11.08
  m_Radius: 2.5
  m_SlopeLimit: 45
  m_StepOffset: 0.3
  m_SkinWidth: 0.08
  m_MinMoveDistance: 0.001
  m_Center: {x: -1.82, y: 6.53, z: 0}
--- !u!1001 &795419998
Prefab:
  m_ObjectHideFlags: 0
  serializedVersion: 2
  m_Modification:
    m_TransformParent: {fileID: 917073710}
    m_Modifications:
    - target: {fileID: 4563781513060160, guid: 6a189ec85c8235b4a86d7d874aca13b4, type: 2}
      propertyPath: m_LocalPosition.x
      value: 1.9360743
      objectReference: {fileID: 0}
    - target: {fileID: 4563781513060160, guid: 6a189ec85c8235b4a86d7d874aca13b4, type: 2}
      propertyPath: m_LocalPosition.y
      value: 12.0175
      objectReference: {fileID: 0}
    - target: {fileID: 4563781513060160, guid: 6a189ec85c8235b4a86d7d874aca13b4, type: 2}
      propertyPath: m_LocalPosition.z
      value: 72.73531
      objectReference: {fileID: 0}
    - target: {fileID: 4563781513060160, guid: 6a189ec85c8235b4a86d7d874aca13b4, type: 2}
      propertyPath: m_LocalRotation.x
      value: -0
      objectReference: {fileID: 0}
    - target: {fileID: 4563781513060160, guid: 6a189ec85c8235b4a86d7d874aca13b4, type: 2}
      propertyPath: m_LocalRotation.y
      value: -0
      objectReference: {fileID: 0}
    - target: {fileID: 4563781513060160, guid: 6a189ec85c8235b4a86d7d874aca13b4, type: 2}
      propertyPath: m_LocalRotation.z
      value: -0
      objectReference: {fileID: 0}
    - target: {fileID: 4563781513060160, guid: 6a189ec85c8235b4a86d7d874aca13b4, type: 2}
      propertyPath: m_LocalRotation.w
      value: 1
      objectReference: {fileID: 0}
    - target: {fileID: 4563781513060160, guid: 6a189ec85c8235b4a86d7d874aca13b4, type: 2}
      propertyPath: m_RootOrder
      value: 3
      objectReference: {fileID: 0}
    - target: {fileID: 1507096316732428, guid: 6a189ec85c8235b4a86d7d874aca13b4, type: 2}
      propertyPath: m_Name
      value: Column
      objectReference: {fileID: 0}
    - target: {fileID: 208457554753326298, guid: 6a189ec85c8235b4a86d7d874aca13b4,
        type: 2}
      propertyPath: m_Extents.z
      value: 1
      objectReference: {fileID: 0}
    m_RemovedComponents: []
  m_ParentPrefab: {fileID: 100100000, guid: 6a189ec85c8235b4a86d7d874aca13b4, type: 2}
  m_IsPrefabParent: 0
--- !u!4 &795419999 stripped
Transform:
  m_PrefabParentObject: {fileID: 4563781513060160, guid: 6a189ec85c8235b4a86d7d874aca13b4,
    type: 2}
  m_PrefabInternal: {fileID: 795419998}
--- !u!1 &917073709
GameObject:
  m_ObjectHideFlags: 0
  m_PrefabParentObject: {fileID: 0}
  m_PrefabInternal: {fileID: 0}
  serializedVersion: 5
  m_Component:
  - component: {fileID: 917073710}
  m_Layer: 0
  m_Name: Columns
  m_TagString: Untagged
  m_Icon: {fileID: 0}
  m_NavMeshLayer: 0
  m_StaticEditorFlags: 0
  m_IsActive: 1
--- !u!4 &917073710
Transform:
  m_ObjectHideFlags: 0
  m_PrefabParentObject: {fileID: 0}
  m_PrefabInternal: {fileID: 0}
  m_GameObject: {fileID: 917073709}
  m_LocalRotation: {x: 0, y: 0, z: 0, w: 1}
  m_LocalPosition: {x: -10.226074, y: 0.8125, z: -9.6953125}
  m_LocalScale: {x: 1, y: 1, z: 1}
  m_Children:
  - {fileID: 1733483990}
  - {fileID: 2088117870}
  - {fileID: 154577088}
  - {fileID: 795419999}
  - {fileID: 975450990}
  - {fileID: 1877166799}
  - {fileID: 381032958}
  m_Father: {fileID: 0}
  m_RootOrder: 3
  m_LocalEulerAnglesHint: {x: 0, y: 0, z: 0}
--- !u!1 &938302927
GameObject:
  m_ObjectHideFlags: 0
  m_PrefabParentObject: {fileID: 0}
  m_PrefabInternal: {fileID: 0}
  serializedVersion: 5
  m_Component:
  - component: {fileID: 938302928}
  m_Layer: 0
  m_Name: Spawn
  m_TagString: Untagged
  m_Icon: {fileID: -964228994112308473, guid: 0000000000000000d000000000000000, type: 0}
  m_NavMeshLayer: 0
  m_StaticEditorFlags: 0
  m_IsActive: 1
--- !u!4 &938302928
Transform:
  m_ObjectHideFlags: 0
  m_PrefabParentObject: {fileID: 0}
  m_PrefabInternal: {fileID: 0}
  m_GameObject: {fileID: 938302927}
  m_LocalRotation: {x: -0, y: -0, z: -0, w: 1}
  m_LocalPosition: {x: -97.155945, y: 21.016378, z: 34.59443}
  m_LocalScale: {x: 1, y: 1, z: 1}
  m_Children: []
  m_Father: {fileID: 24594357}
  m_RootOrder: 5
  m_LocalEulerAnglesHint: {x: 0, y: 0, z: 0}
--- !u!1 &973865531
GameObject:
  m_ObjectHideFlags: 0
  m_PrefabParentObject: {fileID: 0}
  m_PrefabInternal: {fileID: 0}
  serializedVersion: 5
  m_Component:
  - component: {fileID: 973865532}
  m_Layer: 0
  m_Name: Spawn
  m_TagString: Untagged
  m_Icon: {fileID: -964228994112308473, guid: 0000000000000000d000000000000000, type: 0}
  m_NavMeshLayer: 0
  m_StaticEditorFlags: 0
  m_IsActive: 1
--- !u!4 &973865532
Transform:
  m_ObjectHideFlags: 0
  m_PrefabParentObject: {fileID: 0}
  m_PrefabInternal: {fileID: 0}
  m_GameObject: {fileID: 973865531}
  m_LocalRotation: {x: -0, y: -0, z: -0, w: 1}
  m_LocalPosition: {x: -72.155945, y: 21.016378, z: -21.405573}
  m_LocalScale: {x: 1, y: 1, z: 1}
  m_Children: []
  m_Father: {fileID: 24594357}
  m_RootOrder: 7
  m_LocalEulerAnglesHint: {x: 0, y: 0, z: 0}
--- !u!1001 &975450989
Prefab:
  m_ObjectHideFlags: 0
  serializedVersion: 2
  m_Modification:
    m_TransformParent: {fileID: 917073710}
    m_Modifications:
    - target: {fileID: 4563781513060160, guid: 6a189ec85c8235b4a86d7d874aca13b4, type: 2}
      propertyPath: m_LocalPosition.x
      value: 90.626076
      objectReference: {fileID: 0}
    - target: {fileID: 4563781513060160, guid: 6a189ec85c8235b4a86d7d874aca13b4, type: 2}
      propertyPath: m_LocalPosition.y
      value: 12.0175
      objectReference: {fileID: 0}
    - target: {fileID: 4563781513060160, guid: 6a189ec85c8235b4a86d7d874aca13b4, type: 2}
      propertyPath: m_LocalPosition.z
      value: -3.954687
      objectReference: {fileID: 0}
    - target: {fileID: 4563781513060160, guid: 6a189ec85c8235b4a86d7d874aca13b4, type: 2}
      propertyPath: m_LocalRotation.x
      value: -0
      objectReference: {fileID: 0}
    - target: {fileID: 4563781513060160, guid: 6a189ec85c8235b4a86d7d874aca13b4, type: 2}
      propertyPath: m_LocalRotation.y
      value: -0
      objectReference: {fileID: 0}
    - target: {fileID: 4563781513060160, guid: 6a189ec85c8235b4a86d7d874aca13b4, type: 2}
      propertyPath: m_LocalRotation.z
      value: -0
      objectReference: {fileID: 0}
    - target: {fileID: 4563781513060160, guid: 6a189ec85c8235b4a86d7d874aca13b4, type: 2}
      propertyPath: m_LocalRotation.w
      value: 1
      objectReference: {fileID: 0}
    - target: {fileID: 4563781513060160, guid: 6a189ec85c8235b4a86d7d874aca13b4, type: 2}
      propertyPath: m_RootOrder
      value: 4
      objectReference: {fileID: 0}
    - target: {fileID: 1507096316732428, guid: 6a189ec85c8235b4a86d7d874aca13b4, type: 2}
      propertyPath: m_Name
      value: Column
      objectReference: {fileID: 0}
    m_RemovedComponents: []
  m_ParentPrefab: {fileID: 100100000, guid: 6a189ec85c8235b4a86d7d874aca13b4, type: 2}
  m_IsPrefabParent: 0
--- !u!4 &975450990 stripped
Transform:
  m_PrefabParentObject: {fileID: 4563781513060160, guid: 6a189ec85c8235b4a86d7d874aca13b4,
    type: 2}
  m_PrefabInternal: {fileID: 975450989}
--- !u!1 &1035494517
GameObject:
  m_ObjectHideFlags: 0
  m_PrefabParentObject: {fileID: 0}
  m_PrefabInternal: {fileID: 0}
  serializedVersion: 5
  m_Component:
  - component: {fileID: 1035494518}
  m_Layer: 0
  m_Name: Spawn
  m_TagString: Untagged
  m_Icon: {fileID: -964228994112308473, guid: 0000000000000000d000000000000000, type: 0}
  m_NavMeshLayer: 0
  m_StaticEditorFlags: 0
  m_IsActive: 1
--- !u!4 &1035494518
Transform:
  m_ObjectHideFlags: 0
  m_PrefabParentObject: {fileID: 0}
  m_PrefabInternal: {fileID: 0}
  m_GameObject: {fileID: 1035494517}
  m_LocalRotation: {x: -0, y: -0, z: -0, w: 1}
  m_LocalPosition: {x: 1.8440547, y: 21.016378, z: -66.40557}
  m_LocalScale: {x: 1, y: 1, z: 1}
  m_Children: []
  m_Father: {fileID: 24594357}
  m_RootOrder: 10
  m_LocalEulerAnglesHint: {x: 0, y: 0, z: 0}
--- !u!1 &1071548730
GameObject:
  m_ObjectHideFlags: 0
  m_PrefabParentObject: {fileID: 0}
  m_PrefabInternal: {fileID: 0}
  serializedVersion: 5
  m_Component:
  - component: {fileID: 1071548731}
  m_Layer: 0
  m_Name: Spawn
  m_TagString: Untagged
  m_Icon: {fileID: -964228994112308473, guid: 0000000000000000d000000000000000, type: 0}
  m_NavMeshLayer: 0
  m_StaticEditorFlags: 0
  m_IsActive: 1
--- !u!4 &1071548731
Transform:
  m_ObjectHideFlags: 0
  m_PrefabParentObject: {fileID: 0}
  m_PrefabInternal: {fileID: 0}
  m_GameObject: {fileID: 1071548730}
  m_LocalRotation: {x: -0, y: -0, z: -0, w: 1}
  m_LocalPosition: {x: 2.4040546, y: 21.016378, z: 118.89443}
  m_LocalScale: {x: 1, y: 1, z: 1}
  m_Children: []
  m_Father: {fileID: 24594357}
  m_RootOrder: 0
  m_LocalEulerAnglesHint: {x: 0, y: 0, z: 0}
--- !u!1001 &1139495874
Prefab:
  m_ObjectHideFlags: 0
  serializedVersion: 2
  m_Modification:
    m_TransformParent: {fileID: 2077190810}
    m_Modifications:
    - target: {fileID: 4000012952208826, guid: 166b5f35267b23d418446eb9650c0efc, type: 2}
      propertyPath: m_LocalPosition.x
      value: -1.68
      objectReference: {fileID: 0}
    - target: {fileID: 4000012952208826, guid: 166b5f35267b23d418446eb9650c0efc, type: 2}
      propertyPath: m_LocalPosition.y
      value: 5.29
      objectReference: {fileID: 0}
    - target: {fileID: 4000012952208826, guid: 166b5f35267b23d418446eb9650c0efc, type: 2}
      propertyPath: m_LocalPosition.z
      value: 0.63
      objectReference: {fileID: 0}
    - target: {fileID: 4000012952208826, guid: 166b5f35267b23d418446eb9650c0efc, type: 2}
      propertyPath: m_LocalRotation.x
      value: -0.7071068
      objectReference: {fileID: 0}
    - target: {fileID: 4000012952208826, guid: 166b5f35267b23d418446eb9650c0efc, type: 2}
      propertyPath: m_LocalRotation.y
      value: -0
      objectReference: {fileID: 0}
    - target: {fileID: 4000012952208826, guid: 166b5f35267b23d418446eb9650c0efc, type: 2}
      propertyPath: m_LocalRotation.z
      value: -0
      objectReference: {fileID: 0}
    - target: {fileID: 4000012952208826, guid: 166b5f35267b23d418446eb9650c0efc, type: 2}
      propertyPath: m_LocalRotation.w
      value: 0.7071068
      objectReference: {fileID: 0}
    - target: {fileID: 4000012952208826, guid: 166b5f35267b23d418446eb9650c0efc, type: 2}
      propertyPath: m_RootOrder
      value: 2
      objectReference: {fileID: 0}
    - target: {fileID: 198000012941900604, guid: 166b5f35267b23d418446eb9650c0efc,
        type: 2}
      propertyPath: CollisionModule.plane0
      value: 
      objectReference: {fileID: 623898526}
    - target: {fileID: 199000012254378820, guid: 166b5f35267b23d418446eb9650c0efc,
        type: 2}
      propertyPath: m_SortingLayerID
      value: -2093680843
      objectReference: {fileID: 0}
    - target: {fileID: 199000012254378820, guid: 166b5f35267b23d418446eb9650c0efc,
        type: 2}
      propertyPath: m_SortingLayer
      value: 1
      objectReference: {fileID: 0}
    m_RemovedComponents: []
  m_ParentPrefab: {fileID: 100100000, guid: 166b5f35267b23d418446eb9650c0efc, type: 2}
  m_IsPrefabParent: 0
--- !u!1 &1156137667
GameObject:
  m_ObjectHideFlags: 0
  m_PrefabParentObject: {fileID: 0}
  m_PrefabInternal: {fileID: 0}
  serializedVersion: 5
  m_Component:
  - component: {fileID: 1156137668}
  m_Layer: 0
  m_Name: Spawn
  m_TagString: Untagged
  m_Icon: {fileID: -964228994112308473, guid: 0000000000000000d000000000000000, type: 0}
  m_NavMeshLayer: 0
  m_StaticEditorFlags: 0
  m_IsActive: 1
--- !u!4 &1156137668
Transform:
  m_ObjectHideFlags: 0
  m_PrefabParentObject: {fileID: 0}
  m_PrefabInternal: {fileID: 0}
  m_GameObject: {fileID: 1156137667}
  m_LocalRotation: {x: -0, y: -0, z: -0, w: 1}
  m_LocalPosition: {x: 102.844055, y: 21.016378, z: 34.59443}
  m_LocalScale: {x: 1, y: 1, z: 1}
  m_Children: []
  m_Father: {fileID: 24594357}
  m_RootOrder: 6
  m_LocalEulerAnglesHint: {x: 0, y: 0, z: 0}
--- !u!4 &1204024850 stripped
Transform:
  m_PrefabParentObject: {fileID: 400000, guid: 7f78b096b427d419f9918e4ae4fc4aec, type: 3}
  m_PrefabInternal: {fileID: 1568915189}
--- !u!1 &1316439774
GameObject:
  m_ObjectHideFlags: 0
  m_PrefabParentObject: {fileID: 0}
  m_PrefabInternal: {fileID: 0}
  serializedVersion: 5
  m_Component:
  - component: {fileID: 1316439775}
  m_Layer: 0
  m_Name: Launcher
  m_TagString: Untagged
  m_Icon: {fileID: 0}
  m_NavMeshLayer: 0
  m_StaticEditorFlags: 0
  m_IsActive: 1
--- !u!4 &1316439775
Transform:
  m_ObjectHideFlags: 0
  m_PrefabParentObject: {fileID: 0}
  m_PrefabInternal: {fileID: 0}
  m_GameObject: {fileID: 1316439774}
  m_LocalRotation: {x: 0, y: 0, z: 0, w: 1}
  m_LocalPosition: {x: 0, y: 0, z: 0}
  m_LocalScale: {x: 1, y: 1, z: 1}
  m_Children: []
  m_Father: {fileID: 330923618}
  m_RootOrder: 7
  m_LocalEulerAnglesHint: {x: 0, y: 0, z: 0}
--- !u!1 &1391363422
GameObject:
  m_ObjectHideFlags: 0
  m_PrefabParentObject: {fileID: 0}
  m_PrefabInternal: {fileID: 0}
  serializedVersion: 5
  m_Component:
  - component: {fileID: 1391363423}
  m_Layer: 0
  m_Name: Spawn
  m_TagString: Untagged
  m_Icon: {fileID: -964228994112308473, guid: 0000000000000000d000000000000000, type: 0}
  m_NavMeshLayer: 0
  m_StaticEditorFlags: 0
  m_IsActive: 1
--- !u!4 &1391363423
Transform:
  m_ObjectHideFlags: 0
  m_PrefabParentObject: {fileID: 0}
  m_PrefabInternal: {fileID: 0}
  m_GameObject: {fileID: 1391363422}
  m_LocalRotation: {x: -0, y: -0, z: -0, w: 1}
  m_LocalPosition: {x: 37.844055, y: 21.016378, z: 113.59443}
  m_LocalScale: {x: 1, y: 1, z: 1}
  m_Children: []
  m_Father: {fileID: 24594357}
  m_RootOrder: 1
  m_LocalEulerAnglesHint: {x: 0, y: 0, z: 0}
--- !u!1 &1406630364
GameObject:
  m_ObjectHideFlags: 0
  m_PrefabParentObject: {fileID: 0}
  m_PrefabInternal: {fileID: 0}
  serializedVersion: 5
  m_Component:
  - component: {fileID: 1406630365}
  - component: {fileID: 1406630367}
  - component: {fileID: 1406630366}
  m_Layer: 10
  m_Name: WallTrigger
  m_TagString: Untagged
  m_Icon: {fileID: 0}
  m_NavMeshLayer: 0
  m_StaticEditorFlags: 0
  m_IsActive: 1
--- !u!4 &1406630365
Transform:
  m_ObjectHideFlags: 0
  m_PrefabParentObject: {fileID: 0}
  m_PrefabInternal: {fileID: 0}
  m_GameObject: {fileID: 1406630364}
  m_LocalRotation: {x: 0, y: 0, z: 0, w: 1}
  m_LocalPosition: {x: 0, y: 0, z: 0}
  m_LocalScale: {x: 0.5, y: 0.5, z: 0.5}
  m_Children: []
  m_Father: {fileID: 1204024850}
  m_RootOrder: 5
  m_LocalEulerAnglesHint: {x: 0, y: 0, z: 0}
--- !u!114 &1406630366
MonoBehaviour:
  m_ObjectHideFlags: 0
  m_PrefabParentObject: {fileID: 0}
  m_PrefabInternal: {fileID: 0}
  m_GameObject: {fileID: 1406630364}
  m_Enabled: 1
  m_EditorHideFlags: 0
  m_Script: {fileID: 11500000, guid: ead69cc7d03fe444898b9c7b1dc05dc6, type: 3}
  m_Name: 
  m_EditorClassIdentifier: 
--- !u!65 &1406630367
BoxCollider:
  m_ObjectHideFlags: 0
  m_PrefabParentObject: {fileID: 0}
  m_PrefabInternal: {fileID: 0}
  m_GameObject: {fileID: 1406630364}
  m_Material: {fileID: 0}
  m_IsTrigger: 1
  m_Enabled: 1
  serializedVersion: 2
  m_Size: {x: 250.55, y: 17.14, z: 66.7}
  m_Center: {x: 0, y: 6.72, z: -90.6}
--- !u!1 &1527338978 stripped
GameObject:
  m_PrefabParentObject: {fileID: 100000, guid: 7f78b096b427d419f9918e4ae4fc4aec, type: 3}
  m_PrefabInternal: {fileID: 1568915189}
--- !u!95 &1527338979 stripped
Animator:
  m_PrefabParentObject: {fileID: 9500000, guid: 7f78b096b427d419f9918e4ae4fc4aec,
    type: 3}
  m_PrefabInternal: {fileID: 1568915189}
--- !u!114 &1527338980
MonoBehaviour:
  m_ObjectHideFlags: 0
  m_PrefabParentObject: {fileID: 0}
  m_PrefabInternal: {fileID: 0}
  m_GameObject: {fileID: 1527338978}
  m_Enabled: 1
  m_EditorHideFlags: 0
  m_Script: {fileID: 11500000, guid: 31700b0c450fce44ba6517ac47ef4261, type: 3}
  m_Name: 
  m_EditorClassIdentifier: 
  player: {fileID: 699999032}
  elevator: {fileID: 1647337542}
--- !u!135 &1527338981
SphereCollider:
  m_ObjectHideFlags: 0
  m_PrefabParentObject: {fileID: 0}
  m_PrefabInternal: {fileID: 0}
  m_GameObject: {fileID: 1527338978}
  m_Material: {fileID: 0}
  m_IsTrigger: 1
  m_Enabled: 0
  serializedVersion: 2
  m_Radius: 1.65
  m_Center: {x: 0, y: 0.22, z: 0}
--- !u!1 &1535564658
GameObject:
  m_ObjectHideFlags: 0
  m_PrefabParentObject: {fileID: 0}
  m_PrefabInternal: {fileID: 0}
  serializedVersion: 5
  m_Component:
  - component: {fileID: 1535564659}
  m_Layer: 0
  m_Name: Spawn
  m_TagString: Untagged
  m_Icon: {fileID: -964228994112308473, guid: 0000000000000000d000000000000000, type: 0}
  m_NavMeshLayer: 0
  m_StaticEditorFlags: 0
  m_IsActive: 1
--- !u!4 &1535564659
Transform:
  m_ObjectHideFlags: 0
  m_PrefabParentObject: {fileID: 0}
  m_PrefabInternal: {fileID: 0}
  m_GameObject: {fileID: 1535564658}
  m_LocalRotation: {x: -0, y: -0, z: -0, w: 1}
  m_LocalPosition: {x: 72.844055, y: 21.016378, z: 78.59443}
  m_LocalScale: {x: 1, y: 1, z: 1}
  m_Children: []
  m_Father: {fileID: 24594357}
  m_RootOrder: 4
  m_LocalEulerAnglesHint: {x: 0, y: 0, z: 0}
--- !u!1 &1541745334
GameObject:
  m_ObjectHideFlags: 0
  m_PrefabParentObject: {fileID: 0}
  m_PrefabInternal: {fileID: 0}
  serializedVersion: 5
  m_Component:
  - component: {fileID: 1541745336}
  - component: {fileID: 1541745335}
  m_Layer: 0
  m_Name: CameraMount
  m_TagString: Untagged
  m_Icon: {fileID: 0}
  m_NavMeshLayer: 0
  m_StaticEditorFlags: 0
  m_IsActive: 1
--- !u!114 &1541745335
MonoBehaviour:
  m_ObjectHideFlags: 0
  m_PrefabParentObject: {fileID: 0}
  m_PrefabInternal: {fileID: 0}
  m_GameObject: {fileID: 1541745334}
  m_Enabled: 1
  m_EditorHideFlags: 0
  m_Script: {fileID: 11500000, guid: 4a3a34360f70daf4fac2b0efd3fcd73d, type: 3}
  m_Name: 
  m_EditorClassIdentifier: 
  followTarget: {fileID: 699999032}
  moveSpeed: 20
--- !u!4 &1541745336
Transform:
  m_ObjectHideFlags: 0
  m_PrefabParentObject: {fileID: 0}
  m_PrefabInternal: {fileID: 0}
  m_GameObject: {fileID: 1541745334}
  m_LocalRotation: {x: 0, y: 0, z: 0, w: 1}
  m_LocalPosition: {x: -4.9, y: 12.54, z: 5.87}
  m_LocalScale: {x: 1, y: 1, z: 1}
  m_Children:
  - {fileID: 559890310}
  m_Father: {fileID: 0}
  m_RootOrder: 5
  m_LocalEulerAnglesHint: {x: 0, y: 0, z: 0}
--- !u!1 &1549338869 stripped
GameObject:
  m_PrefabParentObject: {fileID: 100000, guid: 6306cc68bdb730746bd052de0b7a74ac, type: 3}
  m_PrefabInternal: {fileID: 562162463}
--- !u!54 &1549338870
Rigidbody:
  m_ObjectHideFlags: 0
  m_PrefabParentObject: {fileID: 0}
  m_PrefabInternal: {fileID: 0}
  m_GameObject: {fileID: 1549338869}
  serializedVersion: 2
  m_Mass: 1
  m_Drag: 0
  m_AngularDrag: 0.05
  m_UseGravity: 0
  m_IsKinematic: 0
  m_Interpolate: 0
  m_Constraints: 0
  m_CollisionDetection: 0
--- !u!135 &1549338871
SphereCollider:
  m_ObjectHideFlags: 0
  m_PrefabParentObject: {fileID: 0}
  m_PrefabInternal: {fileID: 0}
  m_GameObject: {fileID: 1549338869}
  m_Material: {fileID: 0}
  m_IsTrigger: 0
  m_Enabled: 1
  serializedVersion: 2
  m_Radius: 2.36
  m_Center: {x: 0.41, y: 2.7, z: -0.21}
--- !u!59 &1549338872
HingeJoint:
  m_ObjectHideFlags: 0
  m_PrefabParentObject: {fileID: 0}
  m_PrefabInternal: {fileID: 0}
  m_GameObject: {fileID: 1549338869}
  m_ConnectedBody: {fileID: 424644869}
  m_Anchor: {x: 0, y: 0, z: 0}
  m_Axis: {x: 0, y: 0, z: 1}
  m_AutoConfigureConnectedAnchor: 0
  m_ConnectedAnchor: {x: -2.06, y: 6.16, z: 0.16}
  m_UseSpring: 0
  m_Spring:
    spring: 0
    damper: 0
    targetPosition: 0
  m_UseMotor: 0
  m_Motor:
    targetVelocity: 0
    force: 0
    freeSpin: 0
  m_UseLimits: 1
  m_Limits:
    min: -25
    max: 25
    bounciness: 1
    bounceMinVelocity: 0.2
    contactDistance: 0
  m_BreakForce: Infinity
  m_BreakTorque: Infinity
  m_EnableCollision: 0
  m_EnablePreprocessing: 1
  m_MassScale: 1
  m_ConnectedMassScale: 1
--- !u!1001 &1568915189
Prefab:
  m_ObjectHideFlags: 0
  serializedVersion: 2
  m_Modification:
    m_TransformParent: {fileID: 0}
    m_Modifications:
    - target: {fileID: 400000, guid: 7f78b096b427d419f9918e4ae4fc4aec, type: 3}
      propertyPath: m_LocalPosition.x
      value: -6.624
      objectReference: {fileID: 0}
    - target: {fileID: 400000, guid: 7f78b096b427d419f9918e4ae4fc4aec, type: 3}
      propertyPath: m_LocalPosition.y
      value: 13.622
      objectReference: {fileID: 0}
    - target: {fileID: 400000, guid: 7f78b096b427d419f9918e4ae4fc4aec, type: 3}
      propertyPath: m_LocalPosition.z
      value: 6.35
      objectReference: {fileID: 0}
    - target: {fileID: 400000, guid: 7f78b096b427d419f9918e4ae4fc4aec, type: 3}
      propertyPath: m_LocalRotation.x
      value: 0
      objectReference: {fileID: 0}
    - target: {fileID: 400000, guid: 7f78b096b427d419f9918e4ae4fc4aec, type: 3}
      propertyPath: m_LocalRotation.y
      value: 0
      objectReference: {fileID: 0}
    - target: {fileID: 400000, guid: 7f78b096b427d419f9918e4ae4fc4aec, type: 3}
      propertyPath: m_LocalRotation.z
      value: 0
      objectReference: {fileID: 0}
    - target: {fileID: 400000, guid: 7f78b096b427d419f9918e4ae4fc4aec, type: 3}
      propertyPath: m_LocalRotation.w
      value: 1
      objectReference: {fileID: 0}
    - target: {fileID: 400000, guid: 7f78b096b427d419f9918e4ae4fc4aec, type: 3}
      propertyPath: m_RootOrder
      value: 0
      objectReference: {fileID: 0}
    - target: {fileID: 400000, guid: 7f78b096b427d419f9918e4ae4fc4aec, type: 3}
      propertyPath: m_LocalScale.x
      value: 2
      objectReference: {fileID: 0}
    - target: {fileID: 400000, guid: 7f78b096b427d419f9918e4ae4fc4aec, type: 3}
      propertyPath: m_LocalScale.y
      value: 2
      objectReference: {fileID: 0}
    - target: {fileID: 400000, guid: 7f78b096b427d419f9918e4ae4fc4aec, type: 3}
      propertyPath: m_LocalScale.z
      value: 2
      objectReference: {fileID: 0}
    - target: {fileID: 100000, guid: 7f78b096b427d419f9918e4ae4fc4aec, type: 3}
      propertyPath: m_IsActive
      value: 1
      objectReference: {fileID: 0}
    - target: {fileID: 400078, guid: 7f78b096b427d419f9918e4ae4fc4aec, type: 3}
      propertyPath: m_LocalRotation.x
      value: -0.69368625
      objectReference: {fileID: 0}
    - target: {fileID: 400078, guid: 7f78b096b427d419f9918e4ae4fc4aec, type: 3}
      propertyPath: m_LocalRotation.z
      value: -0.1365207
      objectReference: {fileID: 0}
    - target: {fileID: 400078, guid: 7f78b096b427d419f9918e4ae4fc4aec, type: 3}
      propertyPath: m_LocalRotation.w
      value: 0.69392836
      objectReference: {fileID: 0}
    - target: {fileID: 400078, guid: 7f78b096b427d419f9918e4ae4fc4aec, type: 3}
      propertyPath: m_LocalEulerAnglesHint.x
      value: -90
      objectReference: {fileID: 0}
    - target: {fileID: 400078, guid: 7f78b096b427d419f9918e4ae4fc4aec, type: 3}
      propertyPath: m_LocalRotation.y
      value: -0.13647303
      objectReference: {fileID: 0}
    - target: {fileID: 400078, guid: 7f78b096b427d419f9918e4ae4fc4aec, type: 3}
      propertyPath: m_LocalEulerAnglesHint.z
      value: 0
      objectReference: {fileID: 0}
    - target: {fileID: 400078, guid: 7f78b096b427d419f9918e4ae4fc4aec, type: 3}
      propertyPath: m_LocalScale.x
      value: 0.949
      objectReference: {fileID: 0}
    - target: {fileID: 400078, guid: 7f78b096b427d419f9918e4ae4fc4aec, type: 3}
      propertyPath: m_LocalScale.y
      value: 0.949
      objectReference: {fileID: 0}
    - target: {fileID: 400078, guid: 7f78b096b427d419f9918e4ae4fc4aec, type: 3}
      propertyPath: m_LocalScale.z
      value: 0.949
      objectReference: {fileID: 0}
    - target: {fileID: 100078, guid: 7f78b096b427d419f9918e4ae4fc4aec, type: 3}
      propertyPath: m_Layer
      value: 13
      objectReference: {fileID: 0}
    - target: {fileID: 100056, guid: 7f78b096b427d419f9918e4ae4fc4aec, type: 3}
      propertyPath: m_StaticEditorFlags
      value: 8
      objectReference: {fileID: 0}
    - target: {fileID: 100050, guid: 7f78b096b427d419f9918e4ae4fc4aec, type: 3}
      propertyPath: m_StaticEditorFlags
      value: 8
      objectReference: {fileID: 0}
    - target: {fileID: 100048, guid: 7f78b096b427d419f9918e4ae4fc4aec, type: 3}
      propertyPath: m_StaticEditorFlags
      value: 8
      objectReference: {fileID: 0}
    - target: {fileID: 100054, guid: 7f78b096b427d419f9918e4ae4fc4aec, type: 3}
      propertyPath: m_StaticEditorFlags
      value: 8
      objectReference: {fileID: 0}
    - target: {fileID: 100052, guid: 7f78b096b427d419f9918e4ae4fc4aec, type: 3}
      propertyPath: m_StaticEditorFlags
      value: 8
      objectReference: {fileID: 0}
    - target: {fileID: 100060, guid: 7f78b096b427d419f9918e4ae4fc4aec, type: 3}
      propertyPath: m_StaticEditorFlags
      value: 8
      objectReference: {fileID: 0}
    - target: {fileID: 100014, guid: 7f78b096b427d419f9918e4ae4fc4aec, type: 3}
      propertyPath: m_StaticEditorFlags
      value: 8
      objectReference: {fileID: 0}
    - target: {fileID: 100058, guid: 7f78b096b427d419f9918e4ae4fc4aec, type: 3}
      propertyPath: m_StaticEditorFlags
      value: 8
      objectReference: {fileID: 0}
    - target: {fileID: 100040, guid: 7f78b096b427d419f9918e4ae4fc4aec, type: 3}
      propertyPath: m_StaticEditorFlags
      value: 8
      objectReference: {fileID: 0}
    - target: {fileID: 100010, guid: 7f78b096b427d419f9918e4ae4fc4aec, type: 3}
      propertyPath: m_StaticEditorFlags
      value: 8
      objectReference: {fileID: 0}
    - target: {fileID: 100016, guid: 7f78b096b427d419f9918e4ae4fc4aec, type: 3}
      propertyPath: m_StaticEditorFlags
      value: 8
      objectReference: {fileID: 0}
    - target: {fileID: 100002, guid: 7f78b096b427d419f9918e4ae4fc4aec, type: 3}
      propertyPath: m_StaticEditorFlags
      value: 8
      objectReference: {fileID: 0}
    - target: {fileID: 100008, guid: 7f78b096b427d419f9918e4ae4fc4aec, type: 3}
      propertyPath: m_StaticEditorFlags
      value: 8
      objectReference: {fileID: 0}
    - target: {fileID: 100006, guid: 7f78b096b427d419f9918e4ae4fc4aec, type: 3}
      propertyPath: m_StaticEditorFlags
      value: 8
      objectReference: {fileID: 0}
    - target: {fileID: 100012, guid: 7f78b096b427d419f9918e4ae4fc4aec, type: 3}
      propertyPath: m_StaticEditorFlags
      value: 8
      objectReference: {fileID: 0}
    - target: {fileID: 100004, guid: 7f78b096b427d419f9918e4ae4fc4aec, type: 3}
      propertyPath: m_StaticEditorFlags
      value: 8
      objectReference: {fileID: 0}
    - target: {fileID: 9500000, guid: 7f78b096b427d419f9918e4ae4fc4aec, type: 3}
      propertyPath: m_Controller
      value: 
      objectReference: {fileID: 9100000, guid: 04d8582ae1e04c54da1729daf0f9c0b1, type: 2}
    - target: {fileID: 400066, guid: 7f78b096b427d419f9918e4ae4fc4aec, type: 3}
      propertyPath: m_LocalPosition.y
      value: 0
      objectReference: {fileID: 0}
    - target: {fileID: 400068, guid: 7f78b096b427d419f9918e4ae4fc4aec, type: 3}
      propertyPath: m_LocalPosition.y
      value: 0
      objectReference: {fileID: 0}
    - target: {fileID: 400072, guid: 7f78b096b427d419f9918e4ae4fc4aec, type: 3}
      propertyPath: m_LocalPosition.y
      value: 0
      objectReference: {fileID: 0}
    - target: {fileID: 400038, guid: 7f78b096b427d419f9918e4ae4fc4aec, type: 3}
      propertyPath: m_LocalEulerAnglesHint.x
      value: 2.0399998e-13
      objectReference: {fileID: 0}
    - target: {fileID: 400034, guid: 7f78b096b427d419f9918e4ae4fc4aec, type: 3}
      propertyPath: m_LocalEulerAnglesHint.z
      value: 0.13438898
      objectReference: {fileID: 0}
    - target: {fileID: 400032, guid: 7f78b096b427d419f9918e4ae4fc4aec, type: 3}
      propertyPath: m_LocalEulerAnglesHint.z
      value: 0.13438898
      objectReference: {fileID: 0}
    - target: {fileID: 400054, guid: 7f78b096b427d419f9918e4ae4fc4aec, type: 3}
      propertyPath: m_LocalEulerAnglesHint.x
      value: -90
      objectReference: {fileID: 0}
    - target: {fileID: 400054, guid: 7f78b096b427d419f9918e4ae4fc4aec, type: 3}
      propertyPath: m_LocalEulerAnglesHint.y
      value: 89.999985
      objectReference: {fileID: 0}
    - target: {fileID: 400030, guid: 7f78b096b427d419f9918e4ae4fc4aec, type: 3}
      propertyPath: m_LocalEulerAnglesHint.z
      value: 0.13438898
      objectReference: {fileID: 0}
    - target: {fileID: 400076, guid: 7f78b096b427d419f9918e4ae4fc4aec, type: 3}
      propertyPath: m_LocalEulerAnglesHint.x
      value: -90
      objectReference: {fileID: 0}
    - target: {fileID: 400076, guid: 7f78b096b427d419f9918e4ae4fc4aec, type: 3}
      propertyPath: m_LocalEulerAnglesHint.y
      value: -135.00014
      objectReference: {fileID: 0}
    - target: {fileID: 400020, guid: 7f78b096b427d419f9918e4ae4fc4aec, type: 3}
      propertyPath: m_LocalEulerAnglesHint.z
      value: 0.13438898
      objectReference: {fileID: 0}
    - target: {fileID: 400040, guid: 7f78b096b427d419f9918e4ae4fc4aec, type: 3}
      propertyPath: m_LocalEulerAnglesHint.x
      value: 2.0399998e-13
      objectReference: {fileID: 0}
    - target: {fileID: 400012, guid: 7f78b096b427d419f9918e4ae4fc4aec, type: 3}
      propertyPath: m_LocalEulerAnglesHint.x
      value: -1.4354273e-13
      objectReference: {fileID: 0}
    - target: {fileID: 400012, guid: 7f78b096b427d419f9918e4ae4fc4aec, type: 3}
      propertyPath: m_LocalEulerAnglesHint.y
      value: 1.4354262e-13
      objectReference: {fileID: 0}
    - target: {fileID: 400012, guid: 7f78b096b427d419f9918e4ae4fc4aec, type: 3}
      propertyPath: m_LocalEulerAnglesHint.z
      value: 45.000015
      objectReference: {fileID: 0}
    - target: {fileID: 400044, guid: 7f78b096b427d419f9918e4ae4fc4aec, type: 3}
      propertyPath: m_LocalEulerAnglesHint.x
      value: -90
      objectReference: {fileID: 0}
    - target: {fileID: 400062, guid: 7f78b096b427d419f9918e4ae4fc4aec, type: 3}
      propertyPath: m_LocalEulerAnglesHint.x
      value: -90
      objectReference: {fileID: 0}
    - target: {fileID: 400062, guid: 7f78b096b427d419f9918e4ae4fc4aec, type: 3}
      propertyPath: m_LocalEulerAnglesHint.y
      value: 134.99992
      objectReference: {fileID: 0}
    - target: {fileID: 400016, guid: 7f78b096b427d419f9918e4ae4fc4aec, type: 3}
      propertyPath: m_LocalEulerAnglesHint.x
      value: -2.8779244e-13
      objectReference: {fileID: 0}
    - target: {fileID: 400016, guid: 7f78b096b427d419f9918e4ae4fc4aec, type: 3}
      propertyPath: m_LocalEulerAnglesHint.y
      value: -7.072604e-16
      objectReference: {fileID: 0}
    - target: {fileID: 400016, guid: 7f78b096b427d419f9918e4ae4fc4aec, type: 3}
      propertyPath: m_LocalEulerAnglesHint.z
      value: -134.99997
      objectReference: {fileID: 0}
    - target: {fileID: 400022, guid: 7f78b096b427d419f9918e4ae4fc4aec, type: 3}
      propertyPath: m_LocalEulerAnglesHint.z
      value: 0.13438898
      objectReference: {fileID: 0}
    - target: {fileID: 400002, guid: 7f78b096b427d419f9918e4ae4fc4aec, type: 3}
      propertyPath: m_LocalEulerAnglesHint.x
      value: -2.0399998e-13
      objectReference: {fileID: 0}
    - target: {fileID: 400002, guid: 7f78b096b427d419f9918e4ae4fc4aec, type: 3}
      propertyPath: m_LocalEulerAnglesHint.y
      value: -4.7497448e-23
      objectReference: {fileID: 0}
    - target: {fileID: 400002, guid: 7f78b096b427d419f9918e4ae4fc4aec, type: 3}
      propertyPath: m_LocalEulerAnglesHint.z
      value: 0.0000000133402125
      objectReference: {fileID: 0}
    - target: {fileID: 400046, guid: 7f78b096b427d419f9918e4ae4fc4aec, type: 3}
      propertyPath: m_LocalEulerAnglesHint.x
      value: -0.000006830189
      objectReference: {fileID: 0}
    - target: {fileID: 400074, guid: 7f78b096b427d419f9918e4ae4fc4aec, type: 3}
      propertyPath: m_LocalEulerAnglesHint.x
      value: -90
      objectReference: {fileID: 0}
    - target: {fileID: 400074, guid: 7f78b096b427d419f9918e4ae4fc4aec, type: 3}
      propertyPath: m_LocalEulerAnglesHint.y
      value: -90.000114
      objectReference: {fileID: 0}
    - target: {fileID: 400018, guid: 7f78b096b427d419f9918e4ae4fc4aec, type: 3}
      propertyPath: m_LocalEulerAnglesHint.x
      value: -90
      objectReference: {fileID: 0}
    - target: {fileID: 400048, guid: 7f78b096b427d419f9918e4ae4fc4aec, type: 3}
      propertyPath: m_LocalEulerAnglesHint.x
      value: -89.98021
      objectReference: {fileID: 0}
    - target: {fileID: 400010, guid: 7f78b096b427d419f9918e4ae4fc4aec, type: 3}
      propertyPath: m_LocalEulerAnglesHint.x
      value: -1.4354269e-13
      objectReference: {fileID: 0}
    - target: {fileID: 400010, guid: 7f78b096b427d419f9918e4ae4fc4aec, type: 3}
      propertyPath: m_LocalEulerAnglesHint.y
      value: 1.4354265e-13
      objectReference: {fileID: 0}
    - target: {fileID: 400010, guid: 7f78b096b427d419f9918e4ae4fc4aec, type: 3}
      propertyPath: m_LocalEulerAnglesHint.z
      value: -44.99999
      objectReference: {fileID: 0}
    - target: {fileID: 400058, guid: 7f78b096b427d419f9918e4ae4fc4aec, type: 3}
      propertyPath: m_LocalEulerAnglesHint.x
      value: -90
      objectReference: {fileID: 0}
    - target: {fileID: 400058, guid: 7f78b096b427d419f9918e4ae4fc4aec, type: 3}
      propertyPath: m_LocalEulerAnglesHint.y
      value: -22.499994
      objectReference: {fileID: 0}
    - target: {fileID: 400050, guid: 7f78b096b427d419f9918e4ae4fc4aec, type: 3}
      propertyPath: m_LocalEulerAnglesHint.x
      value: -90
      objectReference: {fileID: 0}
    - target: {fileID: 400050, guid: 7f78b096b427d419f9918e4ae4fc4aec, type: 3}
      propertyPath: m_LocalEulerAnglesHint.y
      value: -89.999985
      objectReference: {fileID: 0}
    - target: {fileID: 400056, guid: 7f78b096b427d419f9918e4ae4fc4aec, type: 3}
      propertyPath: m_LocalEulerAnglesHint.x
      value: -89.98021
      objectReference: {fileID: 0}
    - target: {fileID: 400052, guid: 7f78b096b427d419f9918e4ae4fc4aec, type: 3}
      propertyPath: m_LocalEulerAnglesHint.x
      value: -89.98021
      objectReference: {fileID: 0}
    - target: {fileID: 400052, guid: 7f78b096b427d419f9918e4ae4fc4aec, type: 3}
      propertyPath: m_LocalEulerAnglesHint.y
      value: -179.99998
      objectReference: {fileID: 0}
    - target: {fileID: 400068, guid: 7f78b096b427d419f9918e4ae4fc4aec, type: 3}
      propertyPath: m_LocalEulerAnglesHint.x
      value: -89.98021
      objectReference: {fileID: 0}
    - target: {fileID: 400068, guid: 7f78b096b427d419f9918e4ae4fc4aec, type: 3}
      propertyPath: m_LocalEulerAnglesHint.y
      value: -0.00009198018
      objectReference: {fileID: 0}
    - target: {fileID: 400036, guid: 7f78b096b427d419f9918e4ae4fc4aec, type: 3}
      propertyPath: m_LocalEulerAnglesHint.x
      value: 7.203434e-12
      objectReference: {fileID: 0}
    - target: {fileID: 400036, guid: 7f78b096b427d419f9918e4ae4fc4aec, type: 3}
      propertyPath: m_LocalEulerAnglesHint.y
      value: 0.134389
      objectReference: {fileID: 0}
    - target: {fileID: 400036, guid: 7f78b096b427d419f9918e4ae4fc4aec, type: 3}
      propertyPath: m_LocalEulerAnglesHint.z
      value: -0.000000005874324
      objectReference: {fileID: 0}
    - target: {fileID: 400014, guid: 7f78b096b427d419f9918e4ae4fc4aec, type: 3}
      propertyPath: m_LocalEulerAnglesHint.x
      value: -1.435427e-13
      objectReference: {fileID: 0}
    - target: {fileID: 400014, guid: 7f78b096b427d419f9918e4ae4fc4aec, type: 3}
      propertyPath: m_LocalEulerAnglesHint.y
      value: 1.4354262e-13
      objectReference: {fileID: 0}
    - target: {fileID: 400014, guid: 7f78b096b427d419f9918e4ae4fc4aec, type: 3}
      propertyPath: m_LocalEulerAnglesHint.z
      value: 135
      objectReference: {fileID: 0}
    - target: {fileID: 400064, guid: 7f78b096b427d419f9918e4ae4fc4aec, type: 3}
      propertyPath: m_LocalEulerAnglesHint.x
      value: -90
      objectReference: {fileID: 0}
    - target: {fileID: 400064, guid: 7f78b096b427d419f9918e4ae4fc4aec, type: 3}
      propertyPath: m_LocalEulerAnglesHint.y
      value: 89.99995
      objectReference: {fileID: 0}
    - target: {fileID: 400008, guid: 7f78b096b427d419f9918e4ae4fc4aec, type: 3}
      propertyPath: m_LocalEulerAnglesHint.x
      value: -2.0399998e-13
      objectReference: {fileID: 0}
    - target: {fileID: 400008, guid: 7f78b096b427d419f9918e4ae4fc4aec, type: 3}
      propertyPath: m_LocalEulerAnglesHint.y
      value: -2.4265705e-20
      objectReference: {fileID: 0}
    - target: {fileID: 400008, guid: 7f78b096b427d419f9918e4ae4fc4aec, type: 3}
      propertyPath: m_LocalEulerAnglesHint.z
      value: -89.999985
      objectReference: {fileID: 0}
    - target: {fileID: 400004, guid: 7f78b096b427d419f9918e4ae4fc4aec, type: 3}
      propertyPath: m_LocalEulerAnglesHint.x
      value: -2.0399998e-13
      objectReference: {fileID: 0}
    - target: {fileID: 400004, guid: 7f78b096b427d419f9918e4ae4fc4aec, type: 3}
      propertyPath: m_LocalEulerAnglesHint.y
      value: -5.432848e-20
      objectReference: {fileID: 0}
    - target: {fileID: 400004, guid: 7f78b096b427d419f9918e4ae4fc4aec, type: 3}
      propertyPath: m_LocalEulerAnglesHint.z
      value: -179.99998
      objectReference: {fileID: 0}
    - target: {fileID: 400070, guid: 7f78b096b427d419f9918e4ae4fc4aec, type: 3}
      propertyPath: m_LocalEulerAnglesHint.x
      value: -90
      objectReference: {fileID: 0}
    - target: {fileID: 400070, guid: 7f78b096b427d419f9918e4ae4fc4aec, type: 3}
      propertyPath: m_LocalEulerAnglesHint.y
      value: 179.99995
      objectReference: {fileID: 0}
    - target: {fileID: 400026, guid: 7f78b096b427d419f9918e4ae4fc4aec, type: 3}
      propertyPath: m_LocalEulerAnglesHint.z
      value: 0.13438898
      objectReference: {fileID: 0}
    - target: {fileID: 400024, guid: 7f78b096b427d419f9918e4ae4fc4aec, type: 3}
      propertyPath: m_LocalEulerAnglesHint.z
      value: 0.13438898
      objectReference: {fileID: 0}
    - target: {fileID: 400072, guid: 7f78b096b427d419f9918e4ae4fc4aec, type: 3}
      propertyPath: m_LocalEulerAnglesHint.x
      value: -90
      objectReference: {fileID: 0}
    - target: {fileID: 400072, guid: 7f78b096b427d419f9918e4ae4fc4aec, type: 3}
      propertyPath: m_LocalEulerAnglesHint.y
      value: -45.000103
      objectReference: {fileID: 0}
    - target: {fileID: 400066, guid: 7f78b096b427d419f9918e4ae4fc4aec, type: 3}
      propertyPath: m_LocalEulerAnglesHint.x
      value: -90
      objectReference: {fileID: 0}
    - target: {fileID: 400066, guid: 7f78b096b427d419f9918e4ae4fc4aec, type: 3}
      propertyPath: m_LocalEulerAnglesHint.y
      value: 44.999924
      objectReference: {fileID: 0}
    - target: {fileID: 400028, guid: 7f78b096b427d419f9918e4ae4fc4aec, type: 3}
      propertyPath: m_LocalEulerAnglesHint.z
      value: 0.13438898
      objectReference: {fileID: 0}
    - target: {fileID: 400060, guid: 7f78b096b427d419f9918e4ae4fc4aec, type: 3}
      propertyPath: m_LocalEulerAnglesHint.x
      value: -90
      objectReference: {fileID: 0}
    - target: {fileID: 400060, guid: 7f78b096b427d419f9918e4ae4fc4aec, type: 3}
      propertyPath: m_LocalEulerAnglesHint.y
      value: -22.499998
      objectReference: {fileID: 0}
    - target: {fileID: 400006, guid: 7f78b096b427d419f9918e4ae4fc4aec, type: 3}
      propertyPath: m_LocalEulerAnglesHint.x
      value: -2.0400001e-13
      objectReference: {fileID: 0}
    - target: {fileID: 400006, guid: 7f78b096b427d419f9918e4ae4fc4aec, type: 3}
      propertyPath: m_LocalEulerAnglesHint.z
      value: 90
      objectReference: {fileID: 0}
    - target: {fileID: 400034, guid: 7f78b096b427d419f9918e4ae4fc4aec, type: 3}
      propertyPath: m_LocalEulerAnglesHint.x
      value: 0
      objectReference: {fileID: 0}
    - target: {fileID: 400034, guid: 7f78b096b427d419f9918e4ae4fc4aec, type: 3}
      propertyPath: m_LocalEulerAnglesHint.y
      value: 0
      objectReference: {fileID: 0}
    - target: {fileID: 400032, guid: 7f78b096b427d419f9918e4ae4fc4aec, type: 3}
      propertyPath: m_LocalEulerAnglesHint.x
      value: 0
      objectReference: {fileID: 0}
    - target: {fileID: 400032, guid: 7f78b096b427d419f9918e4ae4fc4aec, type: 3}
      propertyPath: m_LocalEulerAnglesHint.y
      value: 0
      objectReference: {fileID: 0}
    - target: {fileID: 400030, guid: 7f78b096b427d419f9918e4ae4fc4aec, type: 3}
      propertyPath: m_LocalEulerAnglesHint.x
      value: 0
      objectReference: {fileID: 0}
    - target: {fileID: 400030, guid: 7f78b096b427d419f9918e4ae4fc4aec, type: 3}
      propertyPath: m_LocalEulerAnglesHint.y
      value: 0
      objectReference: {fileID: 0}
    - target: {fileID: 400020, guid: 7f78b096b427d419f9918e4ae4fc4aec, type: 3}
      propertyPath: m_LocalEulerAnglesHint.x
      value: 0
      objectReference: {fileID: 0}
    - target: {fileID: 400020, guid: 7f78b096b427d419f9918e4ae4fc4aec, type: 3}
      propertyPath: m_LocalEulerAnglesHint.y
      value: 0
      objectReference: {fileID: 0}
    - target: {fileID: 400022, guid: 7f78b096b427d419f9918e4ae4fc4aec, type: 3}
      propertyPath: m_LocalEulerAnglesHint.x
      value: 0
      objectReference: {fileID: 0}
    - target: {fileID: 400022, guid: 7f78b096b427d419f9918e4ae4fc4aec, type: 3}
      propertyPath: m_LocalEulerAnglesHint.y
      value: 0
      objectReference: {fileID: 0}
    - target: {fileID: 400026, guid: 7f78b096b427d419f9918e4ae4fc4aec, type: 3}
      propertyPath: m_LocalEulerAnglesHint.x
      value: 0
      objectReference: {fileID: 0}
    - target: {fileID: 400026, guid: 7f78b096b427d419f9918e4ae4fc4aec, type: 3}
      propertyPath: m_LocalEulerAnglesHint.y
      value: 0
      objectReference: {fileID: 0}
    - target: {fileID: 400024, guid: 7f78b096b427d419f9918e4ae4fc4aec, type: 3}
      propertyPath: m_LocalEulerAnglesHint.x
      value: 0
      objectReference: {fileID: 0}
    - target: {fileID: 400024, guid: 7f78b096b427d419f9918e4ae4fc4aec, type: 3}
      propertyPath: m_LocalEulerAnglesHint.y
      value: 0
      objectReference: {fileID: 0}
    - target: {fileID: 400028, guid: 7f78b096b427d419f9918e4ae4fc4aec, type: 3}
      propertyPath: m_LocalEulerAnglesHint.x
      value: 0
      objectReference: {fileID: 0}
    - target: {fileID: 400028, guid: 7f78b096b427d419f9918e4ae4fc4aec, type: 3}
      propertyPath: m_LocalEulerAnglesHint.y
      value: 0
      objectReference: {fileID: 0}
    - target: {fileID: 400044, guid: 7f78b096b427d419f9918e4ae4fc4aec, type: 3}
      propertyPath: m_LocalPosition.z
      value: 0.000001090115
      objectReference: {fileID: 0}
    - target: {fileID: 400044, guid: 7f78b096b427d419f9918e4ae4fc4aec, type: 3}
      propertyPath: m_LocalPosition.y
      value: -24.93891
      objectReference: {fileID: 0}
    m_RemovedComponents: []
  m_ParentPrefab: {fileID: 100100000, guid: 7f78b096b427d419f9918e4ae4fc4aec, type: 3}
  m_IsPrefabParent: 0
--- !u!4 &1647337542 stripped
Transform:
  m_PrefabParentObject: {fileID: 400044, guid: 7f78b096b427d419f9918e4ae4fc4aec, type: 3}
  m_PrefabInternal: {fileID: 1568915189}
--- !u!1001 &1733483989
Prefab:
  m_ObjectHideFlags: 0
  serializedVersion: 2
  m_Modification:
    m_TransformParent: {fileID: 917073710}
    m_Modifications:
    - target: {fileID: 4563781513060160, guid: 6a189ec85c8235b4a86d7d874aca13b4, type: 2}
      propertyPath: m_LocalPosition.x
      value: 11.886074
      objectReference: {fileID: 0}
    - target: {fileID: 4563781513060160, guid: 6a189ec85c8235b4a86d7d874aca13b4, type: 2}
      propertyPath: m_LocalPosition.y
      value: 12.0175
      objectReference: {fileID: 0}
    - target: {fileID: 4563781513060160, guid: 6a189ec85c8235b4a86d7d874aca13b4, type: 2}
      propertyPath: m_LocalPosition.z
      value: -44.784687
      objectReference: {fileID: 0}
    - target: {fileID: 4563781513060160, guid: 6a189ec85c8235b4a86d7d874aca13b4, type: 2}
      propertyPath: m_LocalRotation.x
      value: -0
      objectReference: {fileID: 0}
    - target: {fileID: 4563781513060160, guid: 6a189ec85c8235b4a86d7d874aca13b4, type: 2}
      propertyPath: m_LocalRotation.y
      value: -0
      objectReference: {fileID: 0}
    - target: {fileID: 4563781513060160, guid: 6a189ec85c8235b4a86d7d874aca13b4, type: 2}
      propertyPath: m_LocalRotation.z
      value: -0
      objectReference: {fileID: 0}
    - target: {fileID: 4563781513060160, guid: 6a189ec85c8235b4a86d7d874aca13b4, type: 2}
      propertyPath: m_LocalRotation.w
      value: 1
      objectReference: {fileID: 0}
    - target: {fileID: 4563781513060160, guid: 6a189ec85c8235b4a86d7d874aca13b4, type: 2}
      propertyPath: m_RootOrder
      value: 0
      objectReference: {fileID: 0}
    - target: {fileID: 1507096316732428, guid: 6a189ec85c8235b4a86d7d874aca13b4, type: 2}
      propertyPath: m_Name
      value: Column
      objectReference: {fileID: 0}
    m_RemovedComponents: []
  m_ParentPrefab: {fileID: 100100000, guid: 6a189ec85c8235b4a86d7d874aca13b4, type: 2}
  m_IsPrefabParent: 0
--- !u!4 &1733483990 stripped
Transform:
  m_PrefabParentObject: {fileID: 4563781513060160, guid: 6a189ec85c8235b4a86d7d874aca13b4,
    type: 2}
  m_PrefabInternal: {fileID: 1733483989}
--- !u!1001 &1877166798
Prefab:
  m_ObjectHideFlags: 0
  serializedVersion: 2
  m_Modification:
    m_TransformParent: {fileID: 917073710}
    m_Modifications:
    - target: {fileID: 4563781513060160, guid: 6a189ec85c8235b4a86d7d874aca13b4, type: 2}
      propertyPath: m_LocalPosition.x
      value: -81.56393
      objectReference: {fileID: 0}
    - target: {fileID: 4563781513060160, guid: 6a189ec85c8235b4a86d7d874aca13b4, type: 2}
      propertyPath: m_LocalPosition.y
      value: 12.0175
      objectReference: {fileID: 0}
    - target: {fileID: 4563781513060160, guid: 6a189ec85c8235b4a86d7d874aca13b4, type: 2}
      propertyPath: m_LocalPosition.z
      value: -3.954687
      objectReference: {fileID: 0}
    - target: {fileID: 4563781513060160, guid: 6a189ec85c8235b4a86d7d874aca13b4, type: 2}
      propertyPath: m_LocalRotation.x
      value: -0
      objectReference: {fileID: 0}
    - target: {fileID: 4563781513060160, guid: 6a189ec85c8235b4a86d7d874aca13b4, type: 2}
      propertyPath: m_LocalRotation.y
      value: -0
      objectReference: {fileID: 0}
    - target: {fileID: 4563781513060160, guid: 6a189ec85c8235b4a86d7d874aca13b4, type: 2}
      propertyPath: m_LocalRotation.z
      value: -0
      objectReference: {fileID: 0}
    - target: {fileID: 4563781513060160, guid: 6a189ec85c8235b4a86d7d874aca13b4, type: 2}
      propertyPath: m_LocalRotation.w
      value: 1
      objectReference: {fileID: 0}
    - target: {fileID: 4563781513060160, guid: 6a189ec85c8235b4a86d7d874aca13b4, type: 2}
      propertyPath: m_RootOrder
      value: 5
      objectReference: {fileID: 0}
    - target: {fileID: 1507096316732428, guid: 6a189ec85c8235b4a86d7d874aca13b4, type: 2}
      propertyPath: m_Name
      value: Column
      objectReference: {fileID: 0}
    m_RemovedComponents: []
  m_ParentPrefab: {fileID: 100100000, guid: 6a189ec85c8235b4a86d7d874aca13b4, type: 2}
  m_IsPrefabParent: 0
--- !u!4 &1877166799 stripped
Transform:
  m_PrefabParentObject: {fileID: 4563781513060160, guid: 6a189ec85c8235b4a86d7d874aca13b4,
    type: 2}
  m_PrefabInternal: {fileID: 1877166798}
--- !u!1 &1890613473
GameObject:
  m_ObjectHideFlags: 0
  m_PrefabParentObject: {fileID: 0}
  m_PrefabInternal: {fileID: 0}
  serializedVersion: 5
  m_Component:
  - component: {fileID: 1890613474}
  m_Layer: 0
  m_Name: Spawn
  m_TagString: Untagged
  m_Icon: {fileID: -964228994112308473, guid: 0000000000000000d000000000000000, type: 0}
  m_NavMeshLayer: 0
  m_StaticEditorFlags: 0
  m_IsActive: 1
--- !u!4 &1890613474
Transform:
  m_ObjectHideFlags: 0
  m_PrefabParentObject: {fileID: 0}
  m_PrefabInternal: {fileID: 0}
  m_GameObject: {fileID: 1890613473}
  m_LocalRotation: {x: -0, y: -0, z: -0, w: 1}
  m_LocalPosition: {x: 42.844055, y: 21.016378, z: -41.40557}
  m_LocalScale: {x: 1, y: 1, z: 1}
  m_Children: []
  m_Father: {fileID: 24594357}
  m_RootOrder: 9
  m_LocalEulerAnglesHint: {x: 0, y: 0, z: 0}
--- !u!1001 &2077190809
Prefab:
  m_ObjectHideFlags: 0
  serializedVersion: 2
  m_Modification:
    m_TransformParent: {fileID: 699999033}
    m_Modifications:
    - target: {fileID: 400006, guid: ffc3589a6b46caf4b944c153c8e879c1, type: 3}
      propertyPath: m_LocalPosition.x
      value: 0
      objectReference: {fileID: 0}
    - target: {fileID: 400006, guid: ffc3589a6b46caf4b944c153c8e879c1, type: 3}
      propertyPath: m_LocalPosition.y
      value: 0
      objectReference: {fileID: 0}
    - target: {fileID: 400006, guid: ffc3589a6b46caf4b944c153c8e879c1, type: 3}
      propertyPath: m_LocalPosition.z
      value: 0
      objectReference: {fileID: 0}
    - target: {fileID: 400006, guid: ffc3589a6b46caf4b944c153c8e879c1, type: 3}
      propertyPath: m_LocalRotation.x
      value: -0
      objectReference: {fileID: 0}
    - target: {fileID: 400006, guid: ffc3589a6b46caf4b944c153c8e879c1, type: 3}
      propertyPath: m_LocalRotation.y
      value: -0
      objectReference: {fileID: 0}
    - target: {fileID: 400006, guid: ffc3589a6b46caf4b944c153c8e879c1, type: 3}
      propertyPath: m_LocalRotation.z
      value: -0
      objectReference: {fileID: 0}
    - target: {fileID: 400006, guid: ffc3589a6b46caf4b944c153c8e879c1, type: 3}
      propertyPath: m_LocalRotation.w
      value: 1
      objectReference: {fileID: 0}
    - target: {fileID: 400006, guid: ffc3589a6b46caf4b944c153c8e879c1, type: 3}
      propertyPath: m_RootOrder
      value: 1
      objectReference: {fileID: 0}
    - target: {fileID: 100032, guid: ffc3589a6b46caf4b944c153c8e879c1, type: 3}
      propertyPath: m_StaticEditorFlags
      value: 8
      objectReference: {fileID: 0}
    - target: {fileID: 9500000, guid: ffc3589a6b46caf4b944c153c8e879c1, type: 3}
      propertyPath: m_Controller
      value: 
      objectReference: {fileID: 9100000, guid: f3f7ec1234e00a049bd19e6e03293d9a, type: 2}
    m_RemovedComponents: []
  m_ParentPrefab: {fileID: 100100000, guid: ffc3589a6b46caf4b944c153c8e879c1, type: 3}
  m_IsPrefabParent: 0
--- !u!4 &2077190810 stripped
Transform:
  m_PrefabParentObject: {fileID: 400006, guid: ffc3589a6b46caf4b944c153c8e879c1, type: 3}
  m_PrefabInternal: {fileID: 2077190809}
--- !u!1001 &2088117869
Prefab:
  m_ObjectHideFlags: 0
  serializedVersion: 2
  m_Modification:
    m_TransformParent: {fileID: 917073710}
    m_Modifications:
    - target: {fileID: 4563781513060160, guid: 6a189ec85c8235b4a86d7d874aca13b4, type: 2}
      propertyPath: m_LocalPosition.x
      value: 54.916073
      objectReference: {fileID: 0}
    - target: {fileID: 4563781513060160, guid: 6a189ec85c8235b4a86d7d874aca13b4, type: 2}
      propertyPath: m_LocalPosition.y
      value: 12.0175
      objectReference: {fileID: 0}
    - target: {fileID: 4563781513060160, guid: 6a189ec85c8235b4a86d7d874aca13b4, type: 2}
      propertyPath: m_LocalPosition.z
      value: -18.554688
      objectReference: {fileID: 0}
    - target: {fileID: 4563781513060160, guid: 6a189ec85c8235b4a86d7d874aca13b4, type: 2}
      propertyPath: m_LocalRotation.x
      value: -0
      objectReference: {fileID: 0}
    - target: {fileID: 4563781513060160, guid: 6a189ec85c8235b4a86d7d874aca13b4, type: 2}
      propertyPath: m_LocalRotation.y
      value: -0
      objectReference: {fileID: 0}
    - target: {fileID: 4563781513060160, guid: 6a189ec85c8235b4a86d7d874aca13b4, type: 2}
      propertyPath: m_LocalRotation.z
      value: -0
      objectReference: {fileID: 0}
    - target: {fileID: 4563781513060160, guid: 6a189ec85c8235b4a86d7d874aca13b4, type: 2}
      propertyPath: m_LocalRotation.w
      value: 1
      objectReference: {fileID: 0}
    - target: {fileID: 4563781513060160, guid: 6a189ec85c8235b4a86d7d874aca13b4, type: 2}
      propertyPath: m_RootOrder
      value: 1
      objectReference: {fileID: 0}
    - target: {fileID: 1507096316732428, guid: 6a189ec85c8235b4a86d7d874aca13b4, type: 2}
      propertyPath: m_Name
      value: Column
      objectReference: {fileID: 0}
    m_RemovedComponents: []
  m_ParentPrefab: {fileID: 100100000, guid: 6a189ec85c8235b4a86d7d874aca13b4, type: 2}
  m_IsPrefabParent: 0
--- !u!4 &2088117870 stripped
Transform:
  m_PrefabParentObject: {fileID: 4563781513060160, guid: 6a189ec85c8235b4a86d7d874aca13b4,
    type: 2}
  m_PrefabInternal: {fileID: 2088117869}
--- !u!1 &2094170309 stripped
GameObject:
  m_PrefabParentObject: {fileID: 100078, guid: 7f78b096b427d419f9918e4ae4fc4aec, type: 3}
  m_PrefabInternal: {fileID: 1568915189}
--- !u!64 &2094170311
MeshCollider:
  m_ObjectHideFlags: 0
  m_PrefabParentObject: {fileID: 0}
  m_PrefabInternal: {fileID: 0}
  m_GameObject: {fileID: 2094170309}
  m_Material: {fileID: 0}
  m_IsTrigger: 0
  m_Enabled: 1
  serializedVersion: 2
  m_Convex: 0
  m_InflateMesh: 0
  m_SkinWidth: 0.01
  m_Mesh: {fileID: 4300000, guid: 93576df0457ab4d6e83debcd94a50b3b, type: 3}
